Expedition,Site,Hole,Core,Type,Section,A/W,Offset (mm),Depth CSF-A (m),CSF-B (m),Test No.,TextID,Voltage (kV),Tube Current (mA),Live Time (s),Real Time (s),Down-Core Slit (mm),Cross-Core Slit (mm),Filter,Total Counts Per Second,Mg-Ka Area,Al-Ka Area,Si-Ka Area,P -Ka Area,S -Ka Area,Cl-Ka Area,Ar-Ka Area,K -Ka Area,Ca-Ka Area,Ti-Ka Area,Cr-Ka Area,Mn-Ka Area,Fe-Ka Area,Rh-La-Coh Area,Instrument,Scan Number,Date of Measure,Time of Measure,Uploaded By,Date Uploaded,Comment
382,U1536,A,4,H,1,A,20,23.52,23.52,44593672,SHLF9855221,10,0.16,6,7,10,12,No-Filter,124964,10,3563,74952,189,2255,58600,-3750,30048,24877,13802,227,1883,141364,37381,XRF2,1,10/7/2019,11:57:30,LEVAY_B,11/1/2019 22:31,~1mm accessory; with film; XRF 2
382,U1536,A,4,H,1,A,40,23.54,23.54,44593672,SHLF9855221,10,0.16,6,7,10,12,No-Filter,115187,-60,1363,34866,50,2955,81046,-2045,19183,17317,9426,-85,1830,118591,42205,XRF2,1,10/7/2019,11:57:46,LEVAY_B,11/1/2019 22:31,~1mm accessory; with film; XRF 2
382,U1536,A,4,H,1,A,60,23.56,23.56,44593672,SHLF9855221,10,0.16,6,7,10,12,No-Filter,116823,-46,1714,42801,41,2722,76111,-1745,21525,18231,10475,154,1680,120933,42180,XRF2,1,10/7/2019,11:58:01,LEVAY_B,11/1/2019 22:31,~1mm accessory; with film; XRF 2
382,U1536,A,4,H,1,A,80,23.58,23.58,44593672,SHLF9855221,10,0.16,6,7,10,12,No-Filter,115815,-55,1609,40583,99,2633,75270,-2246,21769,18467,10833,42,1747,120663,42245,XRF2,1,10/7/2019,11:58:16,LEVAY_B,11/1/2019 22:31,~1mm accessory; with film; XRF 2
382,U1536,A,4,H,1,A,100,23.6,23.6,44593672,SHLF9855221,10,0.16,6,7,10,12,No-Filter,117054,-42,2235,54307,111,2319,66232,-1785,23971,19071,11336,100,1535,123900,40277,XRF2,1,10/7/2019,11:58:32,LEVAY_B,11/1/2019 22:31,~1mm accessory; with film; XRF 2
382,U1536,A,4,H,1,A,120,23.62,23.62,44593672,SHLF9855221,10,0.16,6,7,10,12,No-Filter,120688,-2,2829,65799,178,2190,57927,-1638,28490,22988,12835,479,1745,137242,39125,XRF2,1,10/7/2019,11:58:48,LEVAY_B,11/1/2019 22:31,~1mm accessory; with film; XRF 2
382,U1536,A,4,H,1,A,140,23.64,23.64,44593672,SHLF9855221,10,0.16,6,7,10,12,No-Filter,125299,-31,3414,73078,224,2305,56957,-1853,30198,25283,13629,334,2185,145313,39008,XRF2,1,10/7/2019,11:59:04,LEVAY_B,11/1/2019 22:31,~1mm accessory; with film; XRF 2
382,U1536,A,4,H,1,A,160,23.66,23.66,44593672,SHLF9855221,10,0.16,6,7,10,12,No-Filter,124296,49,3161,66077,116,2500,60995,-2132,28171,24140,12874,129,2329,142244,40634,XRF2,1,10/7/2019,11:59:20,LEVAY_B,11/1/2019 22:31,~1mm accessory; with film; XRF 2
382,U1536,A,4,H,1,A,180,23.68,23.68,44593672,SHLF9855221,10,0.16,6,7,10,12,No-Filter,119176,-48,2134,50270,114,2733,70896,-1594,23211,20129,10562,41,1743,127905,41761,XRF2,1,10/7/2019,11:59:36,LEVAY_B,11/1/2019 22:31,~1mm accessory; with film; XRF 2
382,U1536,A,4,H,1,A,200,23.7,23.7,44593672,SHLF9855221,10,0.16,6,7,10,12,No-Filter,129352,-30,3544,75543,158,2634,64569,-3485,31123,23258,13449,164,1933,141427,41591,XRF2,1,10/7/2019,11:59:52,LEVAY_B,11/1/2019 22:31,~1mm accessory; with film; XRF 2
382,U1536,A,4,H,1,A,220,23.72,23.72,44593672,SHLF9855221,10,0.16,6,7,10,12,No-Filter,130418,-4,4031,76779,178,2101,59317,-3274,33084,25669,14365,208,2221,155155,40223,XRF2,1,10/7/2019,12:00:08,LEVAY_B,11/1/2019 22:31,~1mm accessory; with film; XRF 2
382,U1536,A,4,H,1,A,240,23.74,23.74,44593672,SHLF9855221,10,0.16,6,7,10,12,No-Filter,119172,-12,2516,55773,98,2308,62274,-1037,26431,21397,12213,133,1654,138157,39756,XRF2,1,10/7/2019,12:00:23,LEVAY_B,11/1/2019 22:31,~1mm accessory; with film; XRF 2
382,U1536,A,4,H,1,A,260,23.76,23.76,44593672,SHLF9855221,10,0.16,6,7,10,12,No-Filter,130680,29,3769,73407,203,2214,59206,-2337,32846,28501,14846,407,2187,159983,39476,XRF2,1,10/7/2019,12:00:39,LEVAY_B,11/1/2019 22:31,~1mm accessory; with film; XRF 2
382,U1536,A,4,H,1,A,280,23.78,23.78,44593672,SHLF9855221,10,0.16,6,7,10,12,No-Filter,127649,23,3285,76023,200,2363,61528,-2956,30776,23609,13749,342,1808,140967,40398,XRF2,1,10/7/2019,12:00:56,LEVAY_B,11/1/2019 22:31,~1mm accessory; with film; XRF 2
382,U1536,A,4,H,1,A,300,23.8,23.8,44593672,SHLF9855221,10,0.16,6,7,10,12,No-Filter,126709,-22,3052,68657,125,2424,65286,-3051,29770,23479,13364,357,2104,141191,41161,XRF2,1,10/7/2019,12:01:12,LEVAY_B,11/1/2019 22:31,~1mm accessory; with film; XRF 2
382,U1536,A,4,H,1,A,320,23.82,23.82,44593672,SHLF9855221,10,0.16,6,7,10,12,No-Filter,131224,-1,3319,70855,227,2786,66964,-3751,31293,25264,13970,363,1752,148622,42218,XRF2,1,10/7/2019,12:01:28,LEVAY_B,11/1/2019 22:31,~1mm accessory; with film; XRF 2
382,U1536,A,4,H,1,A,340,23.84,23.84,44593672,SHLF9855221,10,0.16,6,7,10,12,No-Filter,131300,0,3319,69858,107,2526,66027,-3773,30211,25603,13788,333,2011,153160,41503,XRF2,1,10/7/2019,12:01:44,LEVAY_B,11/1/2019 22:31,~1mm accessory; with film; XRF 2
382,U1536,A,4,H,1,A,360,23.86,23.86,44593672,SHLF9855221,10,0.16,6,7,10,12,No-Filter,131936,-6,3611,73857,156,2344,64342,-3801,32534,26080,14801,195,1784,152261,41638,XRF2,1,10/7/2019,12:02:00,LEVAY_B,11/1/2019 22:31,~1mm accessory; with film; XRF 2
382,U1536,A,4,H,1,A,380,23.88,23.88,44593672,SHLF9855221,10,0.16,6,7,10,12,No-Filter,135598,18,4096,81458,181,2510,61231,-3978,34809,28122,14995,677,2581,162401,41221,XRF2,1,10/7/2019,12:02:16,LEVAY_B,11/1/2019 22:31,~1mm accessory; with film; XRF 2
382,U1536,A,4,H,1,A,400,23.9,23.9,44593672,SHLF9855221,10,0.16,6,7,10,12,No-Filter,139715,-27,3720,65505,202,2581,65766,-3847,36147,32204,16080,701,3861,185340,42137,XRF2,1,10/7/2019,12:02:32,LEVAY_B,11/1/2019 22:31,~1mm accessory; with film; XRF 2
382,U1536,A,4,H,1,A,420,23.92,23.92,44593672,SHLF9855221,10,0.16,6,7,10,12,No-Filter,131541,12,3181,71194,218,2834,67884,-3899,28345,26986,14196,120,2342,152852,41674,XRF2,1,10/7/2019,12:02:49,LEVAY_B,11/1/2019 22:31,~1mm accessory; with film; XRF 2
382,U1536,A,4,H,1,A,440,23.94,23.94,44593672,SHLF9855221,10,0.16,6,7,10,12,No-Filter,131080,13,3079,69903,179,2796,68204,-3434,27606,28039,14418,185,2199,150604,41534,XRF2,1,10/7/2019,12:03:05,LEVAY_B,11/1/2019 22:31,~1mm accessory; with film; XRF 2
382,U1536,A,4,H,1,A,460,23.96,23.96,44593672,SHLF9855221,10,0.16,6,7,10,12,No-Filter,129671,-24,2807,67081,163,2741,67190,-3279,26712,26904,13794,162,2105,150536,41248,XRF2,1,10/7/2019,12:03:21,LEVAY_B,11/1/2019 22:31,~1mm accessory; with film; XRF 2
382,U1536,A,4,H,1,A,480,23.98,23.98,44593672,SHLF9855221,10,0.16,6,7,10,12,No-Filter,127011,-22,2607,61596,144,2875,70235,-2841,25077,25246,13186,275,2181,143273,41705,XRF2,1,10/7/2019,12:03:37,LEVAY_B,11/1/2019 22:31,~1mm accessory; with film; XRF 2
382,U1536,A,4,H,1,A,500,24,24,44593672,SHLF9855221,10,0.16,6,7,10,12,No-Filter,126764,-28,2794,66230,91,2784,68275,-3108,24372,24833,12776,52,1840,141829,40983,XRF2,1,10/7/2019,12:03:53,LEVAY_B,11/1/2019 22:31,~1mm accessory; with film; XRF 2
382,U1536,A,4,H,1,A,520,24.02,24.02,44593672,SHLF9855221,10,0.16,6,7,10,12,No-Filter,125632,-34,1883,49274,36,2810,77243,-3585,20889,21271,11145,0,2311,143422,43449,XRF2,1,10/7/2019,12:04:09,LEVAY_B,11/1/2019 22:31,~1mm accessory; with film; XRF 2
382,U1536,A,4,H,1,A,540,24.04,24.04,44593672,SHLF9855221,10,0.16,6,7,10,12,No-Filter,123166,18,2208,53718,137,2859,74196,-3459,21841,21452,11687,120,1768,134000,41561,XRF2,1,10/7/2019,12:04:25,LEVAY_B,11/1/2019 22:31,~1mm accessory; with film; XRF 2
382,U1536,A,4,H,1,A,560,24.06,24.06,44593672,SHLF9855221,10,0.16,6,7,10,12,No-Filter,122358,-20,2029,48633,11,2940,77669,-3229,21280,21368,10927,86,2067,129948,42197,XRF2,1,10/7/2019,12:04:41,LEVAY_B,11/1/2019 22:31,~1mm accessory; with film; XRF 2
382,U1536,A,4,H,1,A,580,24.08,24.08,44593672,SHLF9855221,10,0.16,6,7,10,12,No-Filter,120824,-18,1936,48511,58,2957,77478,-3320,20129,19824,10439,-173,1562,128150,41441,XRF2,1,10/7/2019,12:04:57,LEVAY_B,11/1/2019 22:31,~1mm accessory; with film; XRF 2
382,U1536,A,4,H,1,A,600,24.1,24.1,44593672,SHLF9855221,10,0.16,6,7,10,12,No-Filter,121017,8,2714,63653,124,2361,60564,-2541,23626,23339,12405,176,2115,143365,37717,XRF2,1,10/7/2019,12:05:13,LEVAY_B,11/1/2019 22:31,~1mm accessory; with film; XRF 2
382,U1536,A,4,H,1,A,620,24.12,24.12,44593672,SHLF9855221,10,0.16,6,7,10,12,No-Filter,125311,-40,2900,69935,102,2283,58831,-2852,25831,25509,13323,428,2154,150202,39124,XRF2,1,10/7/2019,12:05:29,LEVAY_B,11/1/2019 22:31,~1mm accessory; with film; XRF 2
382,U1536,A,4,H,1,A,640,24.14,24.14,44593672,SHLF9855221,10,0.16,6,7,10,12,No-Filter,124596,-33,2731,64801,154,2384,65187,-3076,25455,23732,12240,198,1866,140432,40813,XRF2,1,10/7/2019,12:05:45,LEVAY_B,11/1/2019 22:31,~1mm accessory; with film; XRF 2
382,U1536,A,4,H,1,A,660,24.16,24.16,44593672,SHLF9855221,10,0.16,6,7,10,12,No-Filter,127571,-25,3081,71885,255,2531,63517,-2986,27284,25681,13677,295,1903,144828,39876,XRF2,1,10/7/2019,12:06:01,LEVAY_B,11/1/2019 22:31,~1mm accessory; with film; XRF 2
382,U1536,A,4,H,1,A,680,24.18,24.18,44593672,SHLF9855221,10,0.16,6,7,10,12,No-Filter,130393,-10,3194,73246,211,2377,61952,-2945,27660,27005,14412,83,2030,158952,39794,XRF2,1,10/7/2019,12:06:17,LEVAY_B,11/1/2019 22:31,~1mm accessory; with film; XRF 2
382,U1536,A,4,H,1,A,700,24.2,24.2,44593672,SHLF9855221,10,0.16,6,7,10,12,No-Filter,128256,-51,2722,69784,138,2649,64395,-3489,26196,26966,14249,396,2034,146436,41701,XRF2,1,10/7/2019,12:06:33,LEVAY_B,11/1/2019 22:31,~1mm accessory; with film; XRF 2
382,U1536,A,4,H,1,A,720,24.22,24.22,44593672,SHLF9855221,10,0.16,6,7,10,12,No-Filter,128879,-36,2640,68158,167,2684,66315,-3266,26041,27013,13914,217,2005,148190,41740,XRF2,1,10/7/2019,12:06:49,LEVAY_B,11/1/2019 22:31,~1mm accessory; with film; XRF 2
382,U1536,A,4,H,1,A,740,24.24,24.24,44593672,SHLF9855221,10,0.16,6,7,10,12,No-Filter,130051,30,2946,73573,231,2608,64467,-3070,25783,26645,13916,317,2417,150804,41332,XRF2,1,10/7/2019,12:07:06,LEVAY_B,11/1/2019 22:31,~1mm accessory; with film; XRF 2
382,U1536,A,4,H,1,A,760,24.26,24.26,44593672,SHLF9855221,10,0.16,6,7,10,12,No-Filter,131152,-27,3139,77306,174,2555,63905,-3427,26027,27346,13489,308,2307,152294,41332,XRF2,1,10/7/2019,12:07:22,LEVAY_B,11/1/2019 22:31,~1mm accessory; with film; XRF 2
382,U1536,A,4,H,1,A,780,24.28,24.28,44593672,SHLF9855221,10,0.16,6,7,10,12,No-Filter,128383,-7,2809,74352,249,2404,65271,-3286,24845,26625,13174,162,2259,140785,41569,XRF2,1,10/7/2019,12:07:38,LEVAY_B,11/1/2019 22:31,~1mm accessory; with film; XRF 2
382,U1536,A,4,H,1,A,800,24.3,24.3,44593672,SHLF9855221,10,0.16,6,7,10,12,No-Filter,126354,-10,2594,71692,91,2535,66249,-3615,23653,25076,12652,-63,1501,134516,42098,XRF2,1,10/7/2019,12:07:54,LEVAY_B,11/1/2019 22:31,~1mm accessory; with film; XRF 2
382,U1536,A,4,H,1,A,820,24.32,24.32,44593672,SHLF9855221,10,0.16,6,7,10,12,No-Filter,128384,-25,3114,79396,160,2316,63077,-3217,25088,26607,13678,361,2516,140920,40378,XRF2,1,10/7/2019,12:08:10,LEVAY_B,11/1/2019 22:31,~1mm accessory; with film; XRF 2
382,U1536,A,4,H,1,A,840,24.34,24.34,44593672,SHLF9855221,10,0.16,6,7,10,12,No-Filter,128404,31,2937,77169,167,2493,63112,-3150,25662,26444,13459,249,2256,143155,40542,XRF2,1,10/7/2019,12:08:26,LEVAY_B,11/1/2019 22:31,~1mm accessory; with film; XRF 2
382,U1536,A,4,H,1,A,860,24.36,24.36,44593672,SHLF9855221,10,0.16,6,7,10,12,No-Filter,127610,-36,2735,74628,187,2405,64794,-3271,24023,25081,12901,151,2112,142741,41271,XRF2,1,10/7/2019,12:08:42,LEVAY_B,11/1/2019 22:31,~1mm accessory; with film; XRF 2
382,U1536,A,4,H,1,A,880,24.38,24.38,44593672,SHLF9855221,10,0.16,6,7,10,12,No-Filter,125437,-47,2314,65348,83,2610,69447,-2680,22431,24219,12406,219,2008,135477,41755,XRF2,1,10/7/2019,12:08:58,LEVAY_B,11/1/2019 22:31,~1mm accessory; with film; XRF 2
382,U1536,A,4,H,1,A,900,24.4,24.4,44593672,SHLF9855221,10,0.16,6,7,10,12,No-Filter,125674,-10,2290,68624,160,2750,69342,-3480,21828,23955,12208,-211,2020,132356,42449,XRF2,1,10/7/2019,12:09:14,LEVAY_B,11/1/2019 22:31,~1mm accessory; with film; XRF 2
382,U1536,A,4,H,1,A,920,24.42,24.42,44593672,SHLF9855221,10,0.16,6,7,10,12,No-Filter,125367,0,2437,70557,73,2415,68070,-3474,22537,24291,12318,116,1931,132953,41567,XRF2,1,10/7/2019,12:09:30,LEVAY_B,11/1/2019 22:31,~1mm accessory; with film; XRF 2
382,U1536,A,4,H,1,A,940,24.44,24.44,44593672,SHLF9855221,10,0.16,6,7,10,12,No-Filter,126199,-58,2344,69943,161,2578,66996,-3003,23218,24555,12779,367,1848,138563,40952,XRF2,1,10/7/2019,12:09:47,LEVAY_B,11/1/2019 22:31,~1mm accessory; with film; XRF 2
382,U1536,A,4,H,1,A,960,24.46,24.46,44593672,SHLF9855221,10,0.16,6,7,10,12,No-Filter,129070,-8,2942,79369,183,2510,64194,-3200,24569,25988,13079,177,1830,141851,41494,XRF2,1,10/7/2019,12:10:03,LEVAY_B,11/1/2019 22:31,~1mm accessory; with film; XRF 2
382,U1536,A,4,H,1,A,980,24.48,24.48,44593672,SHLF9855221,10,0.16,6,7,10,12,No-Filter,128638,5,3050,82875,187,2623,62360,-3355,24436,25544,13063,327,2023,139354,40799,XRF2,1,10/7/2019,12:10:19,LEVAY_B,11/1/2019 22:31,~1mm accessory; with film; XRF 2
382,U1536,A,4,H,1,A,1000,24.5,24.5,44593672,SHLF9855221,10,0.16,6,7,10,12,No-Filter,127033,-31,2581,76693,131,2675,66530,-3351,21882,24083,12282,-95,1751,133917,41949,XRF2,1,10/7/2019,12:10:35,LEVAY_B,11/1/2019 22:31,~1mm accessory; with film; XRF 2
382,U1536,A,4,H,1,A,1020,24.52,24.52,44593672,SHLF9855221,10,0.16,6,7,10,12,No-Filter,127684,-8,2719,79282,97,2482,66158,-3361,23419,24742,12574,124,2025,134008,41540,XRF2,1,10/7/2019,12:10:51,LEVAY_B,11/1/2019 22:31,~1mm accessory; with film; XRF 2
382,U1536,A,4,H,1,A,1040,24.54,24.54,44593672,SHLF9855221,10,0.16,6,7,10,12,No-Filter,129314,0,3023,86133,159,2445,63327,-3316,24295,25358,13747,265,2093,138197,41186,XRF2,1,10/7/2019,12:11:07,LEVAY_B,11/1/2019 22:31,~1mm accessory; with film; XRF 2
382,U1536,A,4,H,1,A,1060,24.56,24.56,44593672,SHLF9855221,10,0.16,6,7,10,12,No-Filter,129060,-35,3094,89357,219,2642,61852,-3513,23631,25048,13119,236,1829,135136,41370,XRF2,1,10/7/2019,12:11:23,LEVAY_B,11/1/2019 22:31,~1mm accessory; with film; XRF 2
382,U1536,A,4,H,1,A,1080,24.58,24.58,44593672,SHLF9855221,10,0.16,6,7,10,12,No-Filter,129211,76,2999,89603,272,2820,63110,-3581,23264,24666,13113,8,1867,132850,41474,XRF2,1,10/7/2019,12:11:39,LEVAY_B,11/1/2019 22:31,~1mm accessory; with film; XRF 2
382,U1536,A,4,H,1,A,1100,24.6,24.6,44593672,SHLF9855221,10,0.16,6,7,10,12,No-Filter,130919,22,3251,96685,275,2581,59995,-3801,24534,26237,13487,210,2030,138245,41061,XRF2,1,10/7/2019,12:11:55,LEVAY_B,11/1/2019 22:31,~1mm accessory; with film; XRF 2
382,U1536,A,4,H,1,A,1120,24.62,24.62,44593672,SHLF9855221,10,0.16,6,7,10,12,No-Filter,128793,-2,3125,91110,222,2445,59853,-3739,24340,25073,13233,155,2068,135776,40680,XRF2,1,10/7/2019,12:12:10,LEVAY_B,11/1/2019 22:31,~1mm accessory; with film; XRF 2
382,U1536,A,4,H,1,A,1140,24.64,24.64,44593672,SHLF9855221,10,0.16,6,7,10,12,No-Filter,128942,-2,3118,92923,211,2224,60275,-3517,23297,26100,13243,269,1999,134491,40318,XRF2,1,10/7/2019,12:12:26,LEVAY_B,11/1/2019 22:31,~1mm accessory; with film; XRF 2
382,U1536,A,4,H,1,A,1160,24.66,24.66,44593672,SHLF9855221,10,0.16,6,7,10,12,No-Filter,131295,26,3308,97324,249,2198,58919,-3828,24649,25548,13472,314,1939,140938,40593,XRF2,1,10/7/2019,12:12:42,LEVAY_B,11/1/2019 22:31,~1mm accessory; with film; XRF 2
382,U1536,A,4,H,1,A,1180,24.68,24.68,44593672,SHLF9855221,10,0.16,6,7,10,12,No-Filter,130275,33,3300,90601,203,2281,60632,-3470,24218,25118,13379,165,1897,143295,40489,XRF2,1,10/7/2019,12:12:58,LEVAY_B,11/1/2019 22:31,~1mm accessory; with film; XRF 2
382,U1536,A,4,H,1,A,1200,24.7,24.7,44593672,SHLF9855221,10,0.16,6,7,10,12,No-Filter,132401,23,3246,95733,371,2313,58865,-3561,24664,26239,13203,197,1911,148990,40737,XRF2,1,10/7/2019,12:13:14,LEVAY_B,11/1/2019 22:31,~1mm accessory; with film; XRF 2
382,U1536,A,4,H,1,A,1220,24.72,24.72,44593672,SHLF9855221,10,0.16,6,7,10,12,No-Filter,129080,-17,3278,92407,225,2287,59672,-3877,24405,25155,13577,91,1906,134528,41270,XRF2,1,10/7/2019,12:13:30,LEVAY_B,11/1/2019 22:31,~1mm accessory; with film; XRF 2
382,U1536,A,4,H,1,A,1240,24.74,24.74,44593672,SHLF9855221,10,0.16,6,7,10,12,No-Filter,128486,-31,2877,87574,203,2492,62270,-3328,23572,24041,12999,15,1871,135473,41258,XRF2,1,10/7/2019,12:13:47,LEVAY_B,11/1/2019 22:31,~1mm accessory; with film; XRF 2
382,U1536,A,4,H,1,A,1260,24.76,24.76,44593672,SHLF9855221,10,0.16,6,7,10,12,No-Filter,128566,-22,2856,88446,165,2185,62999,-3713,23507,24731,13025,350,1926,132823,41312,XRF2,1,10/7/2019,12:14:03,LEVAY_B,11/1/2019 22:31,~1mm accessory; with film; XRF 2
382,U1536,A,4,H,1,A,1280,24.78,24.78,44593672,SHLF9855221,10,0.16,6,7,10,12,No-Filter,126217,-1,2785,84676,188,2336,63707,-3623,22696,23636,12788,349,2081,128859,41662,XRF2,1,10/7/2019,12:14:19,LEVAY_B,11/1/2019 22:31,~1mm accessory; with film; XRF 2
382,U1536,A,4,H,1,A,1300,24.8,24.8,44593672,SHLF9855221,10,0.16,6,7,10,12,No-Filter,126398,-17,2508,79306,136,2441,66341,-3726,21623,23424,12589,215,2076,129830,42661,XRF2,1,10/7/2019,12:14:35,LEVAY_B,11/1/2019 22:31,~1mm accessory; with film; XRF 2
382,U1536,A,4,H,1,A,1320,24.82,24.82,44593672,SHLF9855221,10,0.16,6,7,10,12,No-Filter,125895,-19,2497,82174,188,2487,66874,-3900,20605,22976,12174,219,2458,123041,42184,XRF2,1,10/7/2019,12:14:51,LEVAY_B,11/1/2019 22:31,~1mm accessory; with film; XRF 2
382,U1536,A,4,H,1,A,1340,24.84,24.84,44593672,SHLF9855221,10,0.16,6,7,10,12,No-Filter,122261,11,1911,67115,145,2761,73123,-3322,18647,20924,10866,32,2213,116900,43053,XRF2,1,10/7/2019,12:15:06,LEVAY_B,11/1/2019 22:31,~1mm accessory; with film; XRF 2
382,U1536,A,4,H,1,A,1360,24.86,24.86,44593672,SHLF9855221,10,0.16,6,7,10,12,No-Filter,124366,22,2075,70191,28,2646,71753,-3357,19935,22383,11727,-268,1980,123293,42779,XRF2,1,10/7/2019,12:15:22,LEVAY_B,11/1/2019 22:31,~1mm accessory; with film; XRF 2
382,U1536,A,4,H,1,A,1380,24.88,24.88,44593672,SHLF9855221,10,0.16,6,7,10,12,No-Filter,123443,17,2132,71213,133,2830,70798,-3444,19246,22276,11435,77,2175,120598,43021,XRF2,1,10/7/2019,12:15:38,LEVAY_B,11/1/2019 22:31,~1mm accessory; with film; XRF 2
382,U1536,A,4,H,1,A,1400,24.9,24.9,44593672,SHLF9855221,10,0.16,6,7,10,12,No-Filter,125160,-4,2611,82136,131,2477,65113,-3437,20090,23578,12144,-25,1979,123803,41270,XRF2,1,10/7/2019,12:15:54,LEVAY_B,11/1/2019 22:31,~1mm accessory; with film; XRF 2
382,U1536,A,4,H,1,A,1420,24.92,24.92,44593672,SHLF9855221,10,0.16,6,7,10,12,No-Filter,125165,16,2483,80030,189,2583,65347,-3585,19760,24633,12462,-135,2074,123774,41251,XRF2,1,10/7/2019,12:16:10,LEVAY_B,11/1/2019 22:31,~1mm accessory; with film; XRF 2
382,U1536,A,4,H,1,A,1440,24.94,24.94,44593672,SHLF9855221,10,0.16,6,7,10,12,No-Filter,125416,-17,2346,81590,186,2645,65431,-3178,19421,24745,12431,-29,1951,123731,41375,XRF2,1,10/7/2019,12:16:26,LEVAY_B,11/1/2019 22:31,~1mm accessory; with film; XRF 2
382,U1536,A,4,H,1,A,1460,24.96,24.96,44593672,SHLF9855221,10,0.16,6,7,10,12,No-Filter,123853,-18,2030,68667,82,2774,69032,-2805,17743,24888,12426,-175,2052,125593,42042,XRF2,1,10/7/2019,12:16:42,LEVAY_B,11/1/2019 22:31,~1mm accessory; with film; XRF 2
382,U1536,A,4,H,1,A,1480,24.98,24.98,44593672,SHLF9855221,10,0.16,6,7,10,12,No-Filter,128535,23,2046,67519,107,2981,74579,-3526,18132,25705,12916,35,2407,130747,43151,XRF2,1,10/7/2019,12:16:59,LEVAY_B,11/1/2019 22:31,~1mm accessory; with film; XRF 2
382,U1536,A,4,H,2,A,20,25.02,24.934,44593682,SHLF9855251,10,0.16,6,7,10,12,No-Filter,128792,-14,2681,81785,141,2473,62056,-3282,19911,31506,15123,182,2464,140278,40739,XRF2,1,10/7/2019,13:26:54,LEVAY_B,11/1/2019 22:31,~1mm accessory; with film; XRF 2
382,U1536,A,4,H,2,A,40,25.04,24.954,44593682,SHLF9855251,10,0.16,6,7,10,12,No-Filter,123788,-35,2366,79768,207,2636,64763,-2978,19573,22635,11388,-219,1954,125543,41185,XRF2,1,10/7/2019,13:27:10,LEVAY_B,11/1/2019 22:31,~1mm accessory; with film; XRF 2
382,U1536,A,4,H,2,A,60,25.06,24.974,44593682,SHLF9855251,10,0.16,6,7,10,12,No-Filter,125349,4,2014,75014,117,2715,69791,-3982,19400,19690,10164,-214,1760,128010,42980,XRF2,1,10/7/2019,13:27:26,LEVAY_B,11/1/2019 22:31,~1mm accessory; with film; XRF 2
382,U1536,A,4,H,2,A,80,25.08,24.994,44593682,SHLF9855251,10,0.16,6,7,10,12,No-Filter,125315,-2,2289,79235,123,2837,68304,-3400,20525,20819,10913,196,1850,122872,42704,XRF2,1,10/7/2019,13:27:42,LEVAY_B,11/1/2019 22:31,~1mm accessory; with film; XRF 2
382,U1536,A,4,H,2,A,100,25.1,25.014,44593682,SHLF9855251,10,0.16,6,7,10,12,No-Filter,122755,-38,1895,67010,91,2844,75160,-3776,18000,18081,9830,-28,1855,116589,43812,XRF2,1,10/7/2019,13:27:58,LEVAY_B,11/1/2019 22:31,~1mm accessory; with film; XRF 2
382,U1536,A,4,H,2,A,120,25.12,25.034,44593682,SHLF9855251,10,0.16,6,7,10,12,No-Filter,125198,-5,2361,83627,85,2891,69584,-3826,20196,19779,10431,-124,1756,118089,42188,XRF2,1,10/7/2019,13:28:14,LEVAY_B,11/1/2019 22:31,~1mm accessory; with film; XRF 2
382,U1536,A,4,H,2,A,140,25.14,25.054,44593682,SHLF9855251,10,0.16,6,7,10,12,No-Filter,121969,-38,2107,77216,94,2874,71050,-3722,18211,18515,9643,74,1707,110252,42110,XRF2,1,10/7/2019,13:28:30,LEVAY_B,11/1/2019 22:31,~1mm accessory; with film; XRF 2
382,U1536,A,4,H,2,A,160,25.16,25.074,44593682,SHLF9855251,10,0.16,6,7,10,12,No-Filter,124679,-27,2375,85916,141,2888,67934,-3456,20064,19904,10413,-35,2086,114599,42221,XRF2,1,10/7/2019,13:28:46,LEVAY_B,11/1/2019 22:31,~1mm accessory; with film; XRF 2
382,U1536,A,4,H,2,A,180,25.18,25.094,44593682,SHLF9855251,10,0.16,6,7,10,12,No-Filter,125822,-15,2417,91783,208,2663,65603,-3641,20408,19551,10048,-46,1686,117408,41889,XRF2,1,10/7/2019,13:29:02,LEVAY_B,11/1/2019 22:31,~1mm accessory; with film; XRF 2
382,U1536,A,4,H,2,A,200,25.2,25.114,44593682,SHLF9855251,10,0.16,6,7,10,12,No-Filter,125342,-25,2694,95640,161,2591,62995,-3936,20099,19465,10126,77,1833,114560,42507,XRF2,1,10/7/2019,13:29:18,LEVAY_B,11/1/2019 22:31,~1mm accessory; with film; XRF 2
382,U1536,A,4,H,2,A,220,25.22,25.134,44593682,SHLF9855251,10,0.16,6,7,10,12,No-Filter,124161,-51,2418,83301,133,2705,67550,-3571,19642,19063,10304,-191,1708,116421,42521,XRF2,1,10/7/2019,13:29:34,LEVAY_B,11/1/2019 22:31,~1mm accessory; with film; XRF 2
382,U1536,A,4,H,2,A,240,25.24,25.154,44593682,SHLF9855251,10,0.16,6,7,10,12,No-Filter,125258,-1,2485,90340,154,2502,64893,-3405,20278,19640,10733,-61,1697,118229,41413,XRF2,1,10/7/2019,13:29:50,LEVAY_B,11/1/2019 22:31,~1mm accessory; with film; XRF 2
382,U1536,A,4,H,2,A,260,25.26,25.174,44593682,SHLF9855251,10,0.16,6,7,10,12,No-Filter,126924,-28,2883,96666,211,2701,62566,-3698,21962,20568,10775,266,1885,120251,41805,XRF2,1,10/7/2019,13:30:06,LEVAY_B,11/1/2019 22:31,~1mm accessory; with film; XRF 2
382,U1536,A,4,H,2,A,280,25.28,25.194,44593682,SHLF9855251,10,0.16,6,7,10,12,No-Filter,126947,0,2962,95179,105,2653,63069,-3656,21514,20032,11011,233,1658,121450,41314,XRF2,1,10/7/2019,13:30:22,LEVAY_B,11/1/2019 22:31,~1mm accessory; with film; XRF 2
382,U1536,A,4,H,2,A,300,25.3,25.214,44593682,SHLF9855251,10,0.16,6,7,10,12,No-Filter,129079,-11,3138,100354,218,2971,62596,-3578,22395,20950,11039,146,1633,124010,41355,XRF2,1,10/7/2019,13:30:38,LEVAY_B,11/1/2019 22:31,~1mm accessory; with film; XRF 2
382,U1536,A,4,H,2,A,320,25.32,25.234,44593682,SHLF9855251,10,0.16,6,7,10,12,No-Filter,129562,19,3436,104376,172,2659,60561,-3353,22939,21168,11485,18,1631,125359,41428,XRF2,1,10/7/2019,13:30:55,LEVAY_B,11/1/2019 22:31,~1mm accessory; with film; XRF 2
382,U1536,A,4,H,2,A,340,25.34,25.254,44593682,SHLF9855251,10,0.16,6,7,10,12,No-Filter,128691,14,3041,100821,258,2911,61685,-3538,22584,20684,10972,177,1658,125100,41763,XRF2,1,10/7/2019,13:31:11,LEVAY_B,11/1/2019 22:31,~1mm accessory; with film; XRF 2
382,U1536,A,4,H,2,A,360,25.36,25.274,44593682,SHLF9855251,10,0.16,6,7,10,12,No-Filter,128348,-5,3131,102471,165,2652,59944,-3591,22024,20422,10771,485,1581,127536,40981,XRF2,1,10/7/2019,13:31:27,LEVAY_B,11/1/2019 22:31,~1mm accessory; with film; XRF 2
382,U1536,A,4,H,2,A,380,25.38,25.294,44593682,SHLF9855251,10,0.16,6,7,10,12,No-Filter,129718,4,3109,101077,260,2701,62013,-3471,22568,20951,10917,-67,1684,128779,41168,XRF2,1,10/7/2019,13:31:43,LEVAY_B,11/1/2019 22:31,~1mm accessory; with film; XRF 2
382,U1536,A,4,H,2,A,400,25.4,25.314,44593682,SHLF9855251,10,0.16,6,7,10,12,No-Filter,128468,19,3194,103358,239,2762,61273,-3579,22022,20421,10992,142,1804,122872,41193,XRF2,1,10/7/2019,13:31:59,LEVAY_B,11/1/2019 22:31,~1mm accessory; with film; XRF 2
382,U1536,A,4,H,2,A,420,25.42,25.334,44593682,SHLF9855251,10,0.16,6,7,10,12,No-Filter,127576,12,3016,100279,297,2604,61890,-3568,22128,20091,10509,91,1616,121352,41142,XRF2,1,10/7/2019,13:32:15,LEVAY_B,11/1/2019 22:31,~1mm accessory; with film; XRF 2
382,U1536,A,4,H,2,A,440,25.44,25.354,44593682,SHLF9855251,10,0.16,6,7,10,12,No-Filter,127889,17,2850,97133,223,2678,61919,-3459,21722,20194,10681,66,1780,125072,41708,XRF2,1,10/7/2019,13:32:31,LEVAY_B,11/1/2019 22:31,~1mm accessory; with film; XRF 2
382,U1536,A,4,H,2,A,460,25.46,25.374,44593682,SHLF9855251,10,0.16,6,7,10,12,No-Filter,126995,8,2816,94854,115,2691,63091,-3885,21584,19692,10801,90,1732,121604,41933,XRF2,1,10/7/2019,13:32:47,LEVAY_B,11/1/2019 22:31,~1mm accessory; with film; XRF 2
382,U1536,A,4,H,2,A,480,25.48,25.394,44593682,SHLF9855251,10,0.16,6,7,10,12,No-Filter,125492,-40,2581,90851,214,2658,65026,-3514,21396,19850,10236,-171,1579,117464,41711,XRF2,1,10/7/2019,13:33:03,LEVAY_B,11/1/2019 22:31,~1mm accessory; with film; XRF 2
382,U1536,A,4,H,2,A,500,25.5,25.414,44593682,SHLF9855251,10,0.16,6,7,10,12,No-Filter,123296,-66,2225,81709,177,2919,67860,-3525,19559,18500,9631,-164,1550,113658,42612,XRF2,1,10/7/2019,13:33:19,LEVAY_B,11/1/2019 22:31,~1mm accessory; with film; XRF 2
382,U1536,A,4,H,2,A,520,25.52,25.434,44593682,SHLF9855251,10,0.16,6,7,10,12,No-Filter,124923,8,2393,84125,198,3103,66872,-3252,20806,19449,10524,-117,1605,119174,42373,XRF2,1,10/7/2019,13:33:35,LEVAY_B,11/1/2019 22:31,~1mm accessory; with film; XRF 2
382,U1536,A,4,H,2,A,540,25.54,25.454,44593682,SHLF9855251,10,0.16,6,7,10,12,No-Filter,126630,-6,2572,90223,207,2916,65282,-3575,21656,20435,10696,125,1774,122065,42386,XRF2,1,10/7/2019,13:33:51,LEVAY_B,11/1/2019 22:31,~1mm accessory; with film; XRF 2
382,U1536,A,4,H,2,A,560,25.56,25.474,44593682,SHLF9855251,10,0.16,6,7,10,12,No-Filter,124077,-41,2339,84509,222,3221,68055,-3686,20119,18732,9814,-120,1235,114803,42360,XRF2,1,10/7/2019,13:34:07,LEVAY_B,11/1/2019 22:31,~1mm accessory; with film; XRF 2
382,U1536,A,4,H,2,A,580,25.58,25.494,44593682,SHLF9855251,10,0.16,6,7,10,12,No-Filter,124887,-16,2567,84301,254,3204,66854,-3733,21316,19120,10310,-147,1798,117470,42491,XRF2,1,10/7/2019,13:34:23,LEVAY_B,11/1/2019 22:31,~1mm accessory; with film; XRF 2
382,U1536,A,4,H,2,A,600,25.6,25.514,44593682,SHLF9855251,10,0.16,6,7,10,12,No-Filter,126201,10,2619,89350,170,2898,66426,-3541,20664,19718,10506,-115,1710,117671,42540,XRF2,1,10/7/2019,13:34:39,LEVAY_B,11/1/2019 22:31,~1mm accessory; with film; XRF 2
382,U1536,A,4,H,2,A,620,25.62,25.534,44593682,SHLF9855251,10,0.16,6,7,10,12,No-Filter,126753,-40,2756,93395,180,2848,63102,-3412,22071,19939,10591,19,1291,123012,41403,XRF2,1,10/7/2019,13:34:56,LEVAY_B,11/1/2019 22:31,~1mm accessory; with film; XRF 2
382,U1536,A,4,H,2,A,640,25.64,25.554,44593682,SHLF9855251,10,0.16,6,7,10,12,No-Filter,126974,-1,3002,93940,290,3016,63982,-3488,21783,20130,10812,352,1572,122580,41561,XRF2,1,10/7/2019,13:35:13,LEVAY_B,11/1/2019 22:31,~1mm accessory; with film; XRF 2
382,U1536,A,4,H,2,A,660,25.66,25.574,44593682,SHLF9855251,10,0.16,6,7,10,12,No-Filter,127733,-17,2750,97247,128,2881,62495,-3987,21823,20348,10953,127,2059,123422,41679,XRF2,1,10/7/2019,13:35:29,LEVAY_B,11/1/2019 22:31,~1mm accessory; with film; XRF 2
382,U1536,A,4,H,2,A,680,25.68,25.594,44593682,SHLF9855251,10,0.16,6,7,10,12,No-Filter,128163,9,3005,100574,171,2841,60693,-3748,22615,20310,11097,325,1766,125148,41507,XRF2,1,10/7/2019,13:35:45,LEVAY_B,11/1/2019 22:31,~1mm accessory; with film; XRF 2
382,U1536,A,4,H,2,A,700,25.7,25.614,44593682,SHLF9855251,10,0.16,6,7,10,12,No-Filter,127995,-28,3111,99352,179,2638,59722,-3536,23423,20474,11806,350,1888,127663,41070,XRF2,1,10/7/2019,13:36:01,LEVAY_B,11/1/2019 22:31,~1mm accessory; with film; XRF 2
382,U1536,A,4,H,2,A,720,25.72,25.634,44593682,SHLF9855251,10,0.16,6,7,10,12,No-Filter,130049,-22,2980,97235,273,2734,61563,-3625,23207,20721,11373,257,1901,136056,40689,XRF2,1,10/7/2019,13:36:17,LEVAY_B,11/1/2019 22:31,~1mm accessory; with film; XRF 2
382,U1536,A,4,H,2,A,740,25.74,25.654,44593682,SHLF9855251,10,0.16,6,7,10,12,No-Filter,133117,31,3766,105881,333,2639,58410,-3504,26034,22357,12861,180,2239,142151,41053,XRF2,1,10/7/2019,13:36:33,LEVAY_B,11/1/2019 22:31,~1mm accessory; with film; XRF 2
382,U1536,A,4,H,2,A,760,25.76,25.674,44593682,SHLF9855251,10,0.16,6,7,10,12,No-Filter,130506,17,3634,99477,224,2648,59539,-3377,25595,21952,12600,206,1779,135572,40897,XRF2,1,10/7/2019,13:36:49,LEVAY_B,11/1/2019 22:31,~1mm accessory; with film; XRF 2
382,U1536,A,4,H,2,A,780,25.78,25.694,44593682,SHLF9855251,10,0.16,6,7,10,12,No-Filter,129692,-6,3566,99382,183,2675,59258,-3381,24982,22021,12293,392,1734,133920,40715,XRF2,1,10/7/2019,13:37:05,LEVAY_B,11/1/2019 22:31,~1mm accessory; with film; XRF 2
382,U1536,A,4,H,2,A,800,25.8,25.714,44593682,SHLF9855251,10,0.16,6,7,10,12,No-Filter,131556,-33,3423,99737,209,2671,59659,-3604,25306,22965,12552,412,2033,138142,41265,XRF2,1,10/7/2019,13:37:21,LEVAY_B,11/1/2019 22:31,~1mm accessory; with film; XRF 2
382,U1536,A,4,H,2,A,820,25.82,25.734,44593682,SHLF9855251,10,0.16,6,7,10,12,No-Filter,132804,4,3488,100762,233,2667,59059,-3508,25244,23056,12712,216,2088,145488,40702,XRF2,1,10/7/2019,13:37:37,LEVAY_B,11/1/2019 22:31,~1mm accessory; with film; XRF 2
382,U1536,A,4,H,2,A,840,25.84,25.754,44593682,SHLF9855251,10,0.16,6,7,10,12,No-Filter,130846,6,3383,97125,162,2595,59313,-3313,25249,23161,12829,413,2066,139134,40832,XRF2,1,10/7/2019,13:37:53,LEVAY_B,11/1/2019 22:31,~1mm accessory; with film; XRF 2
382,U1536,A,4,H,2,A,860,25.86,25.774,44593682,SHLF9855251,10,0.16,6,7,10,12,No-Filter,132353,12,3426,100994,178,2664,59525,-3869,25248,23044,12601,236,1940,138786,41644,XRF2,1,10/7/2019,13:38:09,LEVAY_B,11/1/2019 22:31,~1mm accessory; with film; XRF 2
382,U1536,A,4,H,2,A,880,25.88,25.794,44593682,SHLF9855251,10,0.16,6,7,10,12,No-Filter,129686,-8,3125,92742,275,2999,62568,-3497,23586,22351,12050,348,1830,131585,41852,XRF2,1,10/7/2019,13:38:25,LEVAY_B,11/1/2019 22:31,~1mm accessory; with film; XRF 2
382,U1536,A,4,H,2,A,900,25.9,25.814,44593682,SHLF9855251,10,0.16,6,7,10,12,No-Filter,130032,19,3351,95489,247,3004,61014,-3598,24474,22365,12207,255,2087,135873,41287,XRF2,1,10/7/2019,13:38:41,LEVAY_B,11/1/2019 22:31,~1mm accessory; with film; XRF 2
382,U1536,A,4,H,2,A,920,25.92,25.834,44593682,SHLF9855251,10,0.16,6,7,10,12,No-Filter,129249,29,2901,88336,188,3031,62100,-3413,24118,21989,12421,319,1752,138197,41675,XRF2,1,10/7/2019,13:38:57,LEVAY_B,11/1/2019 22:31,~1mm accessory; with film; XRF 2
382,U1536,A,4,H,2,A,940,25.94,25.854,44593682,SHLF9855251,10,0.16,6,7,10,12,No-Filter,131387,8,3261,94048,216,3181,62058,-3457,24719,22839,12531,303,1889,139506,41807,XRF2,1,10/7/2019,13:39:13,LEVAY_B,11/1/2019 22:31,~1mm accessory; with film; XRF 2
382,U1536,A,4,H,2,A,960,25.96,25.874,44593682,SHLF9855251,10,0.16,6,7,10,12,No-Filter,131317,5,3242,92426,229,2910,63516,-3367,24505,23055,12689,217,1930,138521,41588,XRF2,1,10/7/2019,13:39:29,LEVAY_B,11/1/2019 22:31,~1mm accessory; with film; XRF 2
382,U1536,A,4,H,2,A,980,25.98,25.894,44593682,SHLF9855251,10,0.16,6,7,10,12,No-Filter,131607,92,3102,91074,253,3041,63654,-3408,24789,23210,12600,-51,2098,141883,41429,XRF2,1,10/7/2019,13:39:45,LEVAY_B,11/1/2019 22:31,~1mm accessory; with film; XRF 2
382,U1536,A,4,H,2,A,1000,26,25.914,44593682,SHLF9855251,10,0.16,6,7,10,12,No-Filter,130846,-9,2987,87832,223,2904,64157,-3255,24024,21950,12445,417,1940,142652,41282,XRF2,1,10/7/2019,13:40:01,LEVAY_B,11/1/2019 22:31,~1mm accessory; with film; XRF 2
382,U1536,A,4,H,2,A,1020,26.02,25.934,44593682,SHLF9855251,10,0.16,6,7,10,12,No-Filter,133511,16,3483,98330,238,2760,60290,-3407,25374,23416,13036,466,2240,148545,40974,XRF2,1,10/7/2019,13:40:17,LEVAY_B,11/1/2019 22:31,~1mm accessory; with film; XRF 2
382,U1536,A,4,H,2,A,1040,26.04,25.954,44593682,SHLF9855251,10,0.16,6,7,10,12,No-Filter,132315,29,3274,95239,242,3169,60355,-3629,25742,24009,13222,465,2024,144329,41565,XRF2,1,10/7/2019,13:40:33,LEVAY_B,11/1/2019 22:31,~1mm accessory; with film; XRF 2
382,U1536,A,4,H,2,A,1060,26.06,25.974,44593682,SHLF9855251,10,0.16,6,7,10,12,No-Filter,130539,40,3180,90533,142,2917,62498,-3385,24601,22659,12447,186,1820,139655,41587,XRF2,1,10/7/2019,13:40:49,LEVAY_B,11/1/2019 22:31,~1mm accessory; with film; XRF 2
382,U1536,A,4,H,2,A,1080,26.08,25.994,44593682,SHLF9855251,10,0.16,6,7,10,12,No-Filter,128346,-18,2554,82453,210,3265,66631,-3552,22284,21245,11487,-76,1642,131545,42576,XRF2,1,10/7/2019,13:41:05,LEVAY_B,11/1/2019 22:31,~1mm accessory; with film; XRF 2
382,U1536,A,4,H,2,A,1100,26.1,26.014,44593682,SHLF9855251,10,0.16,6,7,10,12,No-Filter,132550,31,3513,99025,223,3203,61096,-3494,25118,22775,12853,446,1930,141022,41096,XRF2,1,10/7/2019,13:41:20,LEVAY_B,11/1/2019 22:31,~1mm accessory; with film; XRF 2
382,U1536,A,4,H,2,A,1120,26.12,26.034,44593682,SHLF9855251,10,0.16,6,7,10,12,No-Filter,132291,-26,3388,98243,299,3200,61141,-3567,25071,22676,12695,343,2036,139841,41406,XRF2,1,10/7/2019,13:41:36,LEVAY_B,11/1/2019 22:31,~1mm accessory; with film; XRF 2
382,U1536,A,4,H,2,A,1140,26.14,26.054,44593682,SHLF9855251,10,0.16,6,7,10,12,No-Filter,128368,0,2989,90315,257,2996,63623,-3268,23198,20360,11392,32,1793,130096,41253,XRF2,1,10/7/2019,13:41:53,LEVAY_B,11/1/2019 22:31,~1mm accessory; with film; XRF 2
382,U1536,A,4,H,2,A,1160,26.16,26.074,44593682,SHLF9855251,10,0.16,6,7,10,12,No-Filter,132515,-19,3520,101657,274,2887,60800,-3666,25620,22550,12828,326,2074,138363,41436,XRF2,1,10/7/2019,13:42:09,LEVAY_B,11/1/2019 22:31,~1mm accessory; with film; XRF 2
382,U1536,A,4,H,2,A,1180,26.18,26.094,44593682,SHLF9855251,10,0.16,6,7,10,12,No-Filter,131824,14,3326,97986,294,2973,61178,-3440,25117,21394,12496,413,1701,136989,42425,XRF2,1,10/7/2019,13:42:25,LEVAY_B,11/1/2019 22:31,~1mm accessory; with film; XRF 2
382,U1536,A,4,H,2,A,1200,26.2,26.114,44593682,SHLF9855251,10,0.16,6,7,10,12,No-Filter,131191,19,3240,96993,247,2938,61515,-3756,24478,21439,12128,163,1764,138001,41762,XRF2,1,10/7/2019,13:42:41,LEVAY_B,11/1/2019 22:31,~1mm accessory; with film; XRF 2
382,U1536,A,4,H,2,A,1220,26.22,26.134,44593682,SHLF9855251,10,0.16,6,7,10,12,No-Filter,135564,13,3623,105327,258,2833,59557,-3706,26421,22402,12785,509,1848,149020,41197,XRF2,1,10/7/2019,13:42:57,LEVAY_B,11/1/2019 22:31,~1mm accessory; with film; XRF 2
382,U1536,A,4,H,2,A,1240,26.24,26.154,44593682,SHLF9855251,10,0.16,6,7,10,12,No-Filter,133192,6,3351,99819,221,2652,60842,-3336,26493,22438,12959,459,2029,142426,41648,XRF2,1,10/7/2019,13:43:13,LEVAY_B,11/1/2019 22:31,~1mm accessory; with film; XRF 2
382,U1536,A,4,H,2,A,1260,26.26,26.174,44593682,SHLF9855251,10,0.16,6,7,10,12,No-Filter,130312,55,3300,94124,239,2612,60484,-3572,25255,20330,12107,295,1832,142125,40998,XRF2,1,10/7/2019,13:43:29,LEVAY_B,11/1/2019 22:31,~1mm accessory; with film; XRF 2
382,U1536,A,4,H,2,A,1280,26.28,26.194,44593682,SHLF9855251,10,0.16,6,7,10,12,No-Filter,128943,-2,3101,95768,251,2789,61917,-3184,24216,20632,12109,304,1887,131931,41203,XRF2,1,10/7/2019,13:43:45,LEVAY_B,11/1/2019 22:31,~1mm accessory; with film; XRF 2
382,U1536,A,4,H,2,A,1300,26.3,26.214,44593682,SHLF9855251,10,0.16,6,7,10,12,No-Filter,129746,6,3185,94963,217,2839,63119,-3330,24291,20208,11965,192,1782,133444,41197,XRF2,1,10/7/2019,13:44:01,LEVAY_B,11/1/2019 22:31,~1mm accessory; with film; XRF 2
382,U1536,A,4,H,2,A,1320,26.32,26.234,44593682,SHLF9855251,10,0.16,6,7,10,12,No-Filter,129741,5,3240,101947,286,3035,60682,-3622,24804,20144,12080,128,1928,129066,41159,XRF2,1,10/7/2019,13:44:17,LEVAY_B,11/1/2019 22:31,~1mm accessory; with film; XRF 2
382,U1536,A,4,H,2,A,1340,26.34,26.254,44593682,SHLF9855251,10,0.16,6,7,10,12,No-Filter,119535,-34,1840,61910,100,3198,74980,-2937,19010,16404,9649,-218,1679,111538,43462,XRF2,1,10/7/2019,13:44:33,LEVAY_B,11/1/2019 22:31,~1mm accessory; with film; XRF 2
382,U1536,A,4,H,2,A,1360,26.36,26.274,44593682,SHLF9855251,10,0.16,6,7,10,12,No-Filter,125384,-12,2325,76834,166,2964,68863,-3407,21859,18799,11178,239,1930,126866,42897,XRF2,1,10/7/2019,13:44:49,LEVAY_B,11/1/2019 22:31,~1mm accessory; with film; XRF 2
382,U1536,A,4,H,2,A,1380,26.38,26.294,44593682,SHLF9855251,10,0.16,6,7,10,12,No-Filter,125235,-12,2708,88483,209,2729,63633,-3471,22936,18534,10848,347,1870,122481,41884,XRF2,1,10/7/2019,13:45:05,LEVAY_B,11/1/2019 22:31,~1mm accessory; with film; XRF 2
382,U1536,A,4,H,2,A,1400,26.4,26.314,44593682,SHLF9855251,10,0.16,6,7,10,12,No-Filter,126225,-26,2814,95171,200,2726,62366,-3730,22314,19191,10898,-85,1992,121358,41816,XRF2,1,10/7/2019,13:45:21,LEVAY_B,11/1/2019 22:31,~1mm accessory; with film; XRF 2
382,U1536,A,4,H,2,A,1420,26.42,26.334,44593682,SHLF9855251,10,0.16,6,7,10,12,No-Filter,125281,19,2867,88434,208,3250,64851,-3435,21771,18424,10510,-194,1702,121824,41514,XRF2,1,10/7/2019,13:45:38,LEVAY_B,11/1/2019 22:31,~1mm accessory; with film; XRF 2
382,U1536,A,4,H,2,A,1440,26.44,26.354,44593682,SHLF9855251,10,0.16,6,7,10,12,No-Filter,125078,-12,2678,88200,183,3188,63997,-3394,21621,18233,10431,-107,1700,121613,41451,XRF2,1,10/7/2019,13:45:55,LEVAY_B,11/1/2019 22:31,~1mm accessory; with film; XRF 2
382,U1536,A,4,H,2,A,1460,26.46,26.374,44593682,SHLF9855251,10,0.16,6,7,10,12,No-Filter,123203,3,2733,96913,244,3164,62028,-3155,20909,17208,9970,-16,1780,109657,40556,XRF2,1,10/7/2019,13:46:11,LEVAY_B,11/1/2019 22:31,~1mm accessory; with film; XRF 2
382,U1536,A,4,H,2,A,1480,26.48,26.394,44593682,SHLF9855251,10,0.16,6,7,10,12,No-Filter,114601,-54,1994,74425,109,2977,67204,-2668,17249,14767,8029,-50,1305,94821,40119,XRF2,1,10/7/2019,13:46:27,LEVAY_B,11/1/2019 22:31,~1mm accessory; with film; XRF 2
382,U1536,A,4,H,4,A,20,28.02,27.761,44593692,SHLF9855311,10,0.16,6,7,10,12,No-Filter,100981,-29,1755,48770,111,1831,48945,2522,18427,19186,10013,87,1673,107669,35081,XRF2,1,10/7/2019,14:57:42,LEVAY_B,11/1/2019 22:31,~1mm accessory; with film; XRF 2
382,U1536,A,4,H,4,A,40,28.04,27.781,44593692,SHLF9855311,10,0.16,6,7,10,12,No-Filter,100980,-66,2201,59691,171,1772,42291,1215,19881,20487,10158,186,1703,110035,32951,XRF2,1,10/7/2019,14:57:58,LEVAY_B,11/1/2019 22:31,~1mm accessory; with film; XRF 2
382,U1536,A,4,H,4,A,60,28.06,27.801,44593692,SHLF9855311,10,0.16,6,7,10,12,No-Filter,122230,-11,2109,57725,157,2926,73494,-2946,20561,21687,10752,-21,1827,124472,42721,XRF2,1,10/7/2019,14:58:14,LEVAY_B,11/1/2019 22:31,~1mm accessory; with film; XRF 2
382,U1536,A,4,H,4,A,80,28.08,27.821,44593692,SHLF9855311,10,0.16,6,7,10,12,No-Filter,125949,-21,2389,64457,98,2893,71700,-3234,22810,23870,12638,199,2296,132919,42554,XRF2,1,10/7/2019,14:58:30,LEVAY_B,11/1/2019 22:31,~1mm accessory; with film; XRF 2
382,U1536,A,4,H,4,A,100,28.1,27.841,44593692,SHLF9855311,10,0.16,6,7,10,12,No-Filter,127893,-44,2250,63122,204,3300,76577,-3473,21732,23095,12378,102,2073,134350,43702,XRF2,1,10/7/2019,14:58:46,LEVAY_B,11/1/2019 22:31,~1mm accessory; with film; XRF 2
382,U1536,A,4,H,4,A,120,28.12,27.861,44593692,SHLF9855311,10,0.16,6,7,10,12,No-Filter,131621,-2,3357,84197,210,2558,63268,-3491,26862,27158,14178,326,1843,142971,42064,XRF2,1,10/7/2019,14:59:02,LEVAY_B,11/1/2019 22:31,~1mm accessory; with film; XRF 2
382,U1536,A,4,H,4,A,140,28.14,27.881,44593692,SHLF9855311,10,0.16,6,7,10,12,No-Filter,132010,-24,3358,87087,301,2682,63379,-3802,25721,26533,13508,164,2235,141178,42319,XRF2,1,10/7/2019,14:59:18,LEVAY_B,11/1/2019 22:31,~1mm accessory; with film; XRF 2
382,U1536,A,4,H,4,A,160,28.16,27.901,44593692,SHLF9855311,10,0.16,6,7,10,12,No-Filter,132180,-41,2965,81183,170,2900,67057,-3582,25580,26521,13760,338,2118,141262,42994,XRF2,1,10/7/2019,14:59:34,LEVAY_B,11/1/2019 22:31,~1mm accessory; with film; XRF 2
382,U1536,A,4,H,4,A,180,28.18,27.921,44593692,SHLF9855311,10,0.16,6,7,10,12,No-Filter,131607,-29,2858,79671,164,2848,67891,-3853,24819,25046,12966,101,2093,139632,43544,XRF2,1,10/7/2019,14:59:50,LEVAY_B,11/1/2019 22:31,~1mm accessory; with film; XRF 2
382,U1536,A,4,H,4,A,200,28.2,27.941,44593692,SHLF9855311,10,0.16,6,7,10,12,No-Filter,136272,63,4189,105921,231,2647,57225,-3765,28203,28516,14622,514,2235,146565,41165,XRF2,1,10/7/2019,15:00:06,LEVAY_B,11/1/2019 22:31,~1mm accessory; with film; XRF 2
382,U1536,A,4,H,4,A,220,28.22,27.961,44593692,SHLF9855311,10,0.16,6,7,10,12,No-Filter,134176,24,4050,99667,252,2559,57470,-3300,28066,28019,14146,376,1968,145512,41195,XRF2,1,10/7/2019,15:00:22,LEVAY_B,11/1/2019 22:31,~1mm accessory; with film; XRF 2
382,U1536,A,4,H,4,A,240,28.24,27.981,44593692,SHLF9855311,10,0.16,6,7,10,12,No-Filter,134715,-21,4037,102662,244,2461,57293,-3485,27528,28233,14260,420,1945,145207,40799,XRF2,1,10/7/2019,15:00:38,LEVAY_B,11/1/2019 22:31,~1mm accessory; with film; XRF 2
382,U1536,A,4,H,4,A,260,28.26,28.001,44593692,SHLF9855311,10,0.16,6,7,10,12,No-Filter,134871,-7,4083,103123,254,2806,58235,-3370,27485,27946,13773,180,1876,143930,40882,XRF2,1,10/7/2019,15:00:54,LEVAY_B,11/1/2019 22:31,~1mm accessory; with film; XRF 2
382,U1536,A,4,H,4,A,280,28.28,28.021,44593692,SHLF9855311,10,0.16,6,7,10,12,No-Filter,135660,37,4100,105271,232,2457,56800,-3395,28206,27956,14343,251,2466,146830,40815,XRF2,1,10/7/2019,15:01:10,LEVAY_B,11/1/2019 22:31,~1mm accessory; with film; XRF 2
382,U1536,A,4,H,4,A,300,28.3,28.041,44593692,SHLF9855311,10,0.16,6,7,10,12,No-Filter,136955,14,4399,111561,311,2389,55331,-3558,28932,28674,14414,262,2476,147544,40950,XRF2,1,10/7/2019,15:01:26,LEVAY_B,11/1/2019 22:31,~1mm accessory; with film; XRF 2
382,U1536,A,4,H,4,A,320,28.32,28.061,44593692,SHLF9855311,10,0.16,6,7,10,12,No-Filter,135399,14,3991,107434,369,2693,57244,-3245,28065,27634,13937,383,2066,143733,40903,XRF2,1,10/7/2019,15:01:42,LEVAY_B,11/1/2019 22:31,~1mm accessory; with film; XRF 2
382,U1536,A,4,H,4,A,340,28.34,28.081,44593692,SHLF9855311,10,0.16,6,7,10,12,No-Filter,135691,37,4102,107853,222,2506,56529,-3781,28005,27233,14243,225,2275,144893,41216,XRF2,1,10/7/2019,15:01:59,LEVAY_B,11/1/2019 22:31,~1mm accessory; with film; XRF 2
382,U1536,A,4,H,4,A,360,28.36,28.101,44593692,SHLF9855311,10,0.16,6,7,10,12,No-Filter,134467,13,4125,108201,253,2642,56563,-3483,27533,27232,14037,237,2053,140535,40931,XRF2,1,10/7/2019,15:02:15,LEVAY_B,11/1/2019 22:31,~1mm accessory; with film; XRF 2
382,U1536,A,4,H,4,A,380,28.38,28.121,44593692,SHLF9855311,10,0.16,6,7,10,12,No-Filter,132135,24,3765,104956,223,2569,57687,-3704,26565,25713,13148,262,1750,134113,40922,XRF2,1,10/7/2019,15:02:31,LEVAY_B,11/1/2019 22:31,~1mm accessory; with film; XRF 2
382,U1536,A,4,H,4,A,400,28.4,28.141,44593692,SHLF9855311,10,0.16,6,7,10,12,No-Filter,134063,-37,3829,102849,314,2688,58283,-3711,26679,26880,13706,403,2086,141380,41858,XRF2,1,10/7/2019,15:02:47,LEVAY_B,11/1/2019 22:31,~1mm accessory; with film; XRF 2
382,U1536,A,4,H,4,A,420,28.42,28.161,44593692,SHLF9855311,10,0.16,6,7,10,12,No-Filter,132893,20,3609,95050,282,3020,60159,-3393,26756,26455,13592,597,2009,142906,41654,XRF2,1,10/7/2019,15:03:03,LEVAY_B,11/1/2019 22:31,~1mm accessory; with film; XRF 2
382,U1536,A,4,H,4,A,440,28.44,28.181,44593692,SHLF9855311,10,0.16,6,7,10,12,No-Filter,132350,4,3817,97392,237,2686,59685,-3540,27077,26949,13732,183,2005,139688,40541,XRF2,1,10/7/2019,15:03:19,LEVAY_B,11/1/2019 22:31,~1mm accessory; with film; XRF 2
382,U1536,A,4,H,4,A,460,28.46,28.201,44593692,SHLF9855311,10,0.16,6,7,10,12,No-Filter,131709,15,3606,95426,278,2920,59006,-3477,26480,26322,13262,34,1928,140346,41357,XRF2,1,10/7/2019,15:03:35,LEVAY_B,11/1/2019 22:31,~1mm accessory; with film; XRF 2
382,U1536,A,4,H,4,A,480,28.48,28.221,44593692,SHLF9855311,10,0.16,6,7,10,12,No-Filter,130689,12,3475,92019,239,2859,60369,-3329,26310,26520,13354,334,2296,137861,41571,XRF2,1,10/7/2019,15:03:52,LEVAY_B,11/1/2019 22:31,~1mm accessory; with film; XRF 2
382,U1536,A,4,H,4,A,500,28.5,28.241,44593692,SHLF9855311,10,0.16,6,7,10,12,No-Filter,129853,23,3425,92052,197,2633,60026,-3403,25399,26275,12970,244,2025,134717,41599,XRF2,1,10/7/2019,15:04:08,LEVAY_B,11/1/2019 22:31,~1mm accessory; with film; XRF 2
382,U1536,A,4,H,4,A,520,28.52,28.261,44593692,SHLF9855311,10,0.16,6,7,10,12,No-Filter,129752,1,3252,88413,217,2831,62869,-4029,24976,25540,12405,123,1930,134382,42106,XRF2,1,10/7/2019,15:04:24,LEVAY_B,11/1/2019 22:31,~1mm accessory; with film; XRF 2
382,U1536,A,4,H,4,A,540,28.54,28.281,44593692,SHLF9855311,10,0.16,6,7,10,12,No-Filter,129371,0,3294,89194,265,2562,61649,-3419,25296,25459,13159,40,1758,134136,41114,XRF2,1,10/7/2019,15:04:40,LEVAY_B,11/1/2019 22:31,~1mm accessory; with film; XRF 2
382,U1536,A,4,H,4,A,560,28.56,28.301,44593692,SHLF9855311,10,0.16,6,7,10,12,No-Filter,128519,-24,3142,85193,197,2723,63888,-3520,24493,24345,12575,-164,2217,130721,42376,XRF2,1,10/7/2019,15:04:56,LEVAY_B,11/1/2019 22:31,~1mm accessory; with film; XRF 2
382,U1536,A,4,H,4,A,580,28.58,28.321,44593692,SHLF9855311,10,0.16,6,7,10,12,No-Filter,128896,-17,3112,86796,205,2674,62060,-3691,25259,25281,12986,321,2176,133067,42017,XRF2,1,10/7/2019,15:05:12,LEVAY_B,11/1/2019 22:31,~1mm accessory; with film; XRF 2
382,U1536,A,4,H,4,A,600,28.6,28.341,44593692,SHLF9855311,10,0.16,6,7,10,12,No-Filter,131411,22,3375,93209,201,2724,61277,-3605,25813,25726,13308,98,2019,136345,41759,XRF2,1,10/7/2019,15:05:28,LEVAY_B,11/1/2019 22:31,~1mm accessory; with film; XRF 2
382,U1536,A,4,H,4,A,620,28.62,28.361,44593692,SHLF9855311,10,0.16,6,7,10,12,No-Filter,131581,32,3831,96734,201,2556,57818,-3631,27145,25926,13687,198,2353,138727,41110,XRF2,1,10/7/2019,15:05:45,LEVAY_B,11/1/2019 22:31,~1mm accessory; with film; XRF 2
382,U1536,A,4,H,4,A,640,28.64,28.381,44593692,SHLF9855311,10,0.16,6,7,10,12,No-Filter,132217,4,3866,99504,251,2814,58922,-3525,26146,26012,13293,269,2011,136883,40832,XRF2,1,10/7/2019,15:06:01,LEVAY_B,11/1/2019 22:31,~1mm accessory; with film; XRF 2
382,U1536,A,4,H,4,A,660,28.66,28.401,44593692,SHLF9855311,10,0.16,6,7,10,12,No-Filter,130381,15,3693,97240,150,2802,58635,-3561,25725,25795,12747,507,2132,132529,40764,XRF2,1,10/7/2019,15:06:17,LEVAY_B,11/1/2019 22:31,~1mm accessory; with film; XRF 2
382,U1536,A,4,H,4,A,680,28.68,28.421,44593692,SHLF9855311,10,0.16,6,7,10,12,No-Filter,129536,11,3406,92625,269,3013,59118,-3478,25033,25144,12672,-15,1829,133111,41540,XRF2,1,10/7/2019,15:06:33,LEVAY_B,11/1/2019 22:31,~1mm accessory; with film; XRF 2
382,U1536,A,4,H,4,A,700,28.7,28.441,44593692,SHLF9855311,10,0.16,6,7,10,12,No-Filter,130658,4,3458,97127,288,2800,59043,-3602,24995,25487,12957,247,1904,133174,41403,XRF2,1,10/7/2019,15:06:49,LEVAY_B,11/1/2019 22:31,~1mm accessory; with film; XRF 2
382,U1536,A,4,H,4,A,720,28.72,28.461,44593692,SHLF9855311,10,0.16,6,7,10,12,No-Filter,131217,1,3726,98900,274,2756,59568,-3657,25205,25545,13295,380,1690,133916,41206,XRF2,1,10/7/2019,15:07:05,LEVAY_B,11/1/2019 22:31,~1mm accessory; with film; XRF 2
382,U1536,A,4,H,4,A,740,28.74,28.481,44593692,SHLF9855311,10,0.16,6,7,10,12,No-Filter,130853,15,3476,99173,242,2977,59543,-3719,25117,25313,12852,281,2111,133045,40776,XRF2,1,10/7/2019,15:07:21,LEVAY_B,11/1/2019 22:31,~1mm accessory; with film; XRF 2
382,U1536,A,4,H,4,A,760,28.76,28.501,44593692,SHLF9855311,10,0.16,6,7,10,12,No-Filter,130408,-9,3340,95168,199,2977,62170,-3643,24118,25211,12497,249,2185,130505,41495,XRF2,1,10/7/2019,15:07:37,LEVAY_B,11/1/2019 22:31,~1mm accessory; with film; XRF 2
382,U1536,A,4,H,4,A,780,28.78,28.521,44593692,SHLF9855311,10,0.16,6,7,10,12,No-Filter,116240,-21,2752,79466,77,2429,54472,-2349,20709,21570,10814,80,1587,114808,39428,XRF2,1,10/7/2019,15:07:53,LEVAY_B,11/1/2019 22:31,~1mm accessory; with film; XRF 2
382,U1536,A,4,H,4,A,800,28.8,28.541,44593692,SHLF9855311,10,0.16,6,7,10,12,No-Filter,129606,2,3432,95078,291,2976,61032,-3919,24148,25124,12746,129,1761,130184,41616,XRF2,1,10/7/2019,15:08:09,LEVAY_B,11/1/2019 22:31,~1mm accessory; with film; XRF 2
382,U1536,A,4,H,4,A,820,28.82,28.561,44593692,SHLF9855311,10,0.16,6,7,10,12,No-Filter,129705,31,3279,97168,149,2981,61245,-3504,23880,24129,11914,486,1741,129297,41499,XRF2,1,10/7/2019,15:08:25,LEVAY_B,11/1/2019 22:31,~1mm accessory; with film; XRF 2
382,U1536,A,4,H,4,A,840,28.84,28.581,44593692,SHLF9855311,10,0.16,6,7,10,12,No-Filter,130871,42,3544,97575,203,3167,60938,-3461,24565,25475,12879,499,2067,132194,41314,XRF2,1,10/7/2019,15:08:41,LEVAY_B,11/1/2019 22:31,~1mm accessory; with film; XRF 2
382,U1536,A,4,H,4,A,860,28.86,28.601,44593692,SHLF9855311,10,0.16,6,7,10,12,No-Filter,130499,1,3181,93602,280,3173,62480,-3700,23846,25431,12265,423,2051,133389,41995,XRF2,1,10/7/2019,15:08:57,LEVAY_B,11/1/2019 22:31,~1mm accessory; with film; XRF 2
382,U1536,A,4,H,4,A,880,28.88,28.621,44593692,SHLF9855311,10,0.16,6,7,10,12,No-Filter,128624,10,3131,89207,247,3011,63403,-3340,23611,23621,12220,200,1826,127922,41959,XRF2,1,10/7/2019,15:09:13,LEVAY_B,11/1/2019 22:31,~1mm accessory; with film; XRF 2
382,U1536,A,4,H,4,A,900,28.9,28.641,44593692,SHLF9855311,10,0.16,6,7,10,12,No-Filter,128206,3,3040,89837,273,3298,62294,-3547,23414,23709,12143,420,1903,129130,41729,XRF2,1,10/7/2019,15:09:29,LEVAY_B,11/1/2019 22:31,~1mm accessory; with film; XRF 2
382,U1536,A,4,H,4,A,920,28.92,28.661,44593692,SHLF9855311,10,0.16,6,7,10,12,No-Filter,127762,-15,2926,89402,159,3149,63058,-3517,23230,23487,12032,397,1864,126762,41965,XRF2,1,10/7/2019,15:09:45,LEVAY_B,11/1/2019 22:31,~1mm accessory; with film; XRF 2
382,U1536,A,4,H,4,A,940,28.94,28.681,44593692,SHLF9855311,10,0.16,6,7,10,12,No-Filter,126425,32,2727,83626,142,3155,66540,-3406,22485,23028,11444,-207,1753,123201,41863,XRF2,1,10/7/2019,15:10:01,LEVAY_B,11/1/2019 22:31,~1mm accessory; with film; XRF 2
382,U1536,A,4,H,4,A,960,28.96,28.701,44593692,SHLF9855311,10,0.16,6,7,10,12,No-Filter,125058,6,2374,72804,142,3286,70275,-3231,21496,22217,11172,22,1575,121488,42730,XRF2,1,10/7/2019,15:10:17,LEVAY_B,11/1/2019 22:31,~1mm accessory; with film; XRF 2
382,U1536,A,4,H,4,A,980,28.98,28.721,44593692,SHLF9855311,10,0.16,6,7,10,12,No-Filter,126272,-14,2440,80360,215,3430,67863,-3297,21669,22170,11323,-36,1783,122745,42526,XRF2,1,10/7/2019,15:10:33,LEVAY_B,11/1/2019 22:31,~1mm accessory; with film; XRF 2
382,U1536,A,4,H,4,A,1000,29,28.741,44593692,SHLF9855311,10,0.16,6,7,10,12,No-Filter,125734,-25,2653,79820,198,3170,67027,-3225,21518,22019,10927,-147,2230,121317,42575,XRF2,1,10/7/2019,15:10:49,LEVAY_B,11/1/2019 22:31,~1mm accessory; with film; XRF 2
382,U1536,A,4,H,4,A,1020,29.02,28.761,44593692,SHLF9855311,10,0.16,6,7,10,12,No-Filter,126909,-3,2823,85715,185,3147,66067,-3666,22576,22608,11753,70,1534,122346,41924,XRF2,1,10/7/2019,15:11:05,LEVAY_B,11/1/2019 22:31,~1mm accessory; with film; XRF 2
382,U1536,A,4,H,4,A,1040,29.04,28.781,44593692,SHLF9855311,10,0.16,6,7,10,12,No-Filter,127240,5,2949,86387,189,3243,65358,-3491,22716,22812,11271,75,1937,122674,42093,XRF2,1,10/7/2019,15:11:21,LEVAY_B,11/1/2019 22:31,~1mm accessory; with film; XRF 2
382,U1536,A,4,H,4,A,1060,29.06,28.801,44593692,SHLF9855311,10,0.16,6,7,10,12,No-Filter,127060,12,2856,81212,170,3272,68503,-3866,21903,21712,11138,-147,1760,122649,42772,XRF2,1,10/7/2019,15:11:38,LEVAY_B,11/1/2019 22:31,~1mm accessory; with film; XRF 2
382,U1536,A,4,H,4,A,1080,29.08,28.821,44593692,SHLF9855311,10,0.16,6,7,10,12,No-Filter,126698,1,2807,82672,149,3088,65447,-3464,23128,21892,11465,104,1946,125651,41931,XRF2,1,10/7/2019,15:11:54,LEVAY_B,11/1/2019 22:31,~1mm accessory; with film; XRF 2
382,U1536,A,4,H,4,A,1100,29.1,28.841,44593692,SHLF9855311,10,0.16,6,7,10,12,No-Filter,125027,35,2516,75303,191,3350,68988,-3559,21586,21530,10612,202,1536,121474,42423,XRF2,1,10/7/2019,15:12:10,LEVAY_B,11/1/2019 22:31,~1mm accessory; with film; XRF 2
382,U1536,A,4,H,4,A,1120,29.12,28.861,44593692,SHLF9855311,10,0.16,6,7,10,12,No-Filter,127245,4,2910,83746,162,3443,64566,-3952,23235,22499,11358,115,1826,127483,41879,XRF2,1,10/7/2019,15:12:25,LEVAY_B,11/1/2019 22:31,~1mm accessory; with film; XRF 2
382,U1536,A,4,H,4,A,1140,29.14,28.881,44593692,SHLF9855311,10,0.16,6,7,10,12,No-Filter,127734,1,3083,85662,145,3228,65814,-3676,23123,22345,11286,123,1838,126076,41406,XRF2,1,10/7/2019,15:12:42,LEVAY_B,11/1/2019 22:31,~1mm accessory; with film; XRF 2
382,U1536,A,4,H,4,A,1160,29.16,28.901,44593692,SHLF9855311,10,0.16,6,7,10,12,No-Filter,126108,-21,2702,80072,234,3270,66903,-3501,22377,21635,11615,-72,1866,122563,42256,XRF2,1,10/7/2019,15:12:58,LEVAY_B,11/1/2019 22:31,~1mm accessory; with film; XRF 2
382,U1536,A,4,H,4,A,1180,29.18,28.921,44593692,SHLF9855311,10,0.16,6,7,10,12,No-Filter,125983,-52,2316,73506,156,3455,70764,-3875,21384,20651,10471,-101,1798,120987,44086,XRF2,1,10/7/2019,15:13:14,LEVAY_B,11/1/2019 22:31,~1mm accessory; with film; XRF 2
382,U1536,A,4,H,4,A,1200,29.2,28.941,44593692,SHLF9855311,10,0.16,6,7,10,12,No-Filter,125265,-4,2691,81527,50,3169,66677,-3430,21879,21189,10671,-254,1407,118348,42129,XRF2,1,10/7/2019,15:13:30,LEVAY_B,11/1/2019 22:31,~1mm accessory; with film; XRF 2
382,U1536,A,4,H,4,A,1220,29.22,28.961,44593692,SHLF9855311,10,0.16,6,7,10,12,No-Filter,125417,-17,2574,77889,145,3274,68487,-3645,21124,20786,10326,60,1785,121064,42561,XRF2,1,10/7/2019,15:13:46,LEVAY_B,11/1/2019 22:31,~1mm accessory; with film; XRF 2
382,U1536,A,4,H,4,A,1240,29.24,28.981,44593692,SHLF9855311,10,0.16,6,7,10,12,No-Filter,125387,-20,2584,81946,211,3236,66582,-3712,21814,20845,10770,-30,1801,120064,41867,XRF2,1,10/7/2019,15:14:02,LEVAY_B,11/1/2019 22:31,~1mm accessory; with film; XRF 2
382,U1536,A,4,H,4,A,1260,29.26,29.001,44593692,SHLF9855311,10,0.16,6,7,10,12,No-Filter,125009,-29,2483,77065,229,3289,70052,-3482,21410,20506,10870,82,1700,117537,43174,XRF2,1,10/7/2019,15:14:18,LEVAY_B,11/1/2019 22:31,~1mm accessory; with film; XRF 2
382,U1536,A,4,H,4,A,1280,29.28,29.021,44593692,SHLF9855311,10,0.16,6,7,10,12,No-Filter,126007,-16,2687,83626,203,3158,66942,-3098,22108,21310,10923,308,1947,121368,41856,XRF2,1,10/7/2019,15:14:34,LEVAY_B,11/1/2019 22:31,~1mm accessory; with film; XRF 2
382,U1536,A,4,H,4,A,1300,29.3,29.041,44593692,SHLF9855311,10,0.16,6,7,10,12,No-Filter,125743,-43,2821,85495,177,3275,66199,-3486,21947,20904,10583,124,2150,119159,41884,XRF2,1,10/7/2019,15:14:50,LEVAY_B,11/1/2019 22:31,~1mm accessory; with film; XRF 2
382,U1536,A,4,H,4,A,1320,29.32,29.061,44593692,SHLF9855311,10,0.16,6,7,10,12,No-Filter,125128,8,2422,75909,165,3419,70061,-3692,20564,20093,10532,50,1625,120745,43241,XRF2,1,10/7/2019,15:15:06,LEVAY_B,11/1/2019 22:31,~1mm accessory; with film; XRF 2
382,U1536,A,4,H,4,A,1340,29.34,29.081,44593692,SHLF9855311,10,0.16,6,7,10,12,No-Filter,124544,-34,1963,65286,78,3693,75727,-3869,19795,19647,9956,97,1785,119172,44185,XRF2,1,10/7/2019,15:15:22,LEVAY_B,11/1/2019 22:31,~1mm accessory; with film; XRF 2
382,U1536,A,4,H,4,A,1360,29.36,29.101,44593692,SHLF9855311,10,0.16,6,7,10,12,No-Filter,125368,-53,1997,67224,181,3511,75032,-3678,20634,19961,9961,-76,1854,121064,44212,XRF2,1,10/7/2019,15:15:38,LEVAY_B,11/1/2019 22:31,~1mm accessory; with film; XRF 2
382,U1536,A,4,H,4,A,1380,29.38,29.121,44593692,SHLF9855311,10,0.16,6,7,10,12,No-Filter,124684,-11,1892,62149,124,3623,78112,-3836,19689,19214,9825,-168,1670,117650,44611,XRF2,1,10/7/2019,15:15:54,LEVAY_B,11/1/2019 22:31,~1mm accessory; with film; XRF 2
382,U1536,A,4,H,4,A,1400,29.4,29.141,44593692,SHLF9855311,10,0.16,6,7,10,12,No-Filter,126918,-1,2771,83099,139,3331,66918,-3789,22337,20927,11159,15,1700,123138,42387,XRF2,1,10/7/2019,15:16:10,LEVAY_B,11/1/2019 22:31,~1mm accessory; with film; XRF 2
382,U1536,A,4,H,4,A,1420,29.42,29.161,44593692,SHLF9855311,10,0.16,6,7,10,12,No-Filter,84726,-44,1280,45055,5,1635,37861,4549,13974,13516,6913,121,1330,78310,31289,XRF2,1,10/7/2019,15:16:26,LEVAY_B,11/1/2019 22:31,~1mm accessory; with film; XRF 2
382,U1536,A,4,H,4,A,1440,29.44,29.181,44593692,SHLF9855311,10,0.16,6,7,10,12,No-Filter,77994,-30,875,34975,26,1573,36339,6925,11406,10944,5559,-128,1108,66612,32343,XRF2,1,10/7/2019,15:16:42,LEVAY_B,11/1/2019 22:31,~1mm accessory; with film; XRF 2
382,U1536,A,4,H,5,A,20,29.53,29.184,44593702,SHLF9855341,10,0.16,6,7,10,12,No-Filter,123884,-19,2287,80464,186,3430,69067,-3522,20669,19678,9769,-86,1457,112856,43002,XRF2,1,10/7/2019,15:45:25,LEVAY_B,11/1/2019 22:31,~1mm accessory; with film; XRF 2
382,U1536,A,4,H,5,A,40,29.55,29.204,44593702,SHLF9855341,10,0.16,6,7,10,12,No-Filter,124319,-32,2409,82421,152,3372,71075,-3499,20383,19174,9587,-11,1707,110048,42566,XRF2,1,10/7/2019,15:45:41,LEVAY_B,11/1/2019 22:31,~1mm accessory; with film; XRF 2
382,U1536,A,4,H,5,A,60,29.57,29.224,44593702,SHLF9855341,10,0.16,6,7,10,12,No-Filter,122397,-57,2013,73116,200,3543,74322,-3405,19120,18576,8813,-153,1611,104662,43652,XRF2,1,10/7/2019,15:45:57,LEVAY_B,11/1/2019 22:31,~1mm accessory; with film; XRF 2
382,U1536,A,4,H,5,A,80,29.59,29.244,44593702,SHLF9855341,10,0.16,6,7,10,12,No-Filter,121406,-3,2165,71255,158,3349,73955,-3889,18807,20610,8674,-171,1818,102578,43476,XRF2,1,10/7/2019,15:46:12,LEVAY_B,11/1/2019 22:31,~1mm accessory; with film; XRF 2
382,U1536,A,4,H,5,A,100,29.61,29.264,44593702,SHLF9855341,10,0.16,6,7,10,12,No-Filter,125180,-46,2384,80409,129,3093,70404,-3798,21359,20318,9910,-90,1695,112466,43501,XRF2,1,10/7/2019,15:46:28,LEVAY_B,11/1/2019 22:31,~1mm accessory; with film; XRF 2
382,U1536,A,4,H,5,A,120,29.63,29.284,44593702,SHLF9855341,10,0.16,6,7,10,12,No-Filter,124999,-21,2174,75341,164,3764,74813,-3764,20202,19172,9724,-150,1643,109666,44681,XRF2,1,10/7/2019,15:46:44,LEVAY_B,11/1/2019 22:31,~1mm accessory; with film; XRF 2
382,U1536,A,4,H,5,A,140,29.65,29.304,44593702,SHLF9855341,10,0.16,6,7,10,12,No-Filter,122229,21,1699,68600,170,3834,79268,-3993,17610,17122,8078,-621,1356,100422,45201,XRF2,1,10/7/2019,15:46:59,LEVAY_B,11/1/2019 22:31,~1mm accessory; with film; XRF 2
382,U1536,A,4,H,5,A,160,29.67,29.324,44593702,SHLF9855341,10,0.16,6,7,10,12,No-Filter,125751,-36,2132,77317,135,3386,72116,-3583,20457,19921,10058,47,1621,112922,43426,XRF2,1,10/7/2019,15:47:15,LEVAY_B,11/1/2019 22:31,~1mm accessory; with film; XRF 2
382,U1536,A,4,H,5,A,180,29.69,29.344,44593702,SHLF9855341,10,0.16,6,7,10,12,No-Filter,127568,23,2474,83791,196,3491,69247,-3803,21535,19816,10267,-10,1557,115351,43339,XRF2,1,10/7/2019,15:47:31,LEVAY_B,11/1/2019 22:31,~1mm accessory; with film; XRF 2
382,U1536,A,4,H,5,A,200,29.71,29.364,44593702,SHLF9855341,10,0.16,6,7,10,12,No-Filter,128427,20,2677,86795,62,3297,68611,-4122,22161,20852,10309,-19,1725,119402,44270,XRF2,1,10/7/2019,15:47:47,LEVAY_B,11/1/2019 22:31,~1mm accessory; with film; XRF 2
382,U1536,A,4,H,5,A,220,29.73,29.384,44593702,SHLF9855341,10,0.16,6,7,10,12,No-Filter,123997,-28,2419,72099,54,3460,73956,-3486,20711,19174,9883,-343,1764,111572,43814,XRF2,1,10/7/2019,15:48:03,LEVAY_B,11/1/2019 22:31,~1mm accessory; with film; XRF 2
382,U1536,A,4,H,5,A,240,29.75,29.404,44593702,SHLF9855341,10,0.16,6,7,10,12,No-Filter,127049,8,2907,86470,177,3207,67719,-3390,23040,21048,10701,-173,1554,117910,42375,XRF2,1,10/7/2019,15:48:19,LEVAY_B,11/1/2019 22:31,~1mm accessory; with film; XRF 2
382,U1536,A,4,H,5,A,260,29.77,29.424,44593702,SHLF9855341,10,0.16,6,7,10,12,No-Filter,125949,-47,2459,82103,182,3358,70977,-3509,21211,19737,9756,-260,1474,113113,43711,XRF2,1,10/7/2019,15:48:35,LEVAY_B,11/1/2019 22:31,~1mm accessory; with film; XRF 2
382,U1536,A,4,H,5,A,280,29.79,29.444,44593702,SHLF9855341,10,0.16,6,7,10,12,No-Filter,130793,8,3141,93259,231,3282,66994,-4019,23498,22148,11250,219,1839,126098,43603,XRF2,1,10/7/2019,15:48:51,LEVAY_B,11/1/2019 22:31,~1mm accessory; with film; XRF 2
382,U1536,A,4,H,5,A,300,29.81,29.464,44593702,SHLF9855341,10,0.16,6,7,10,12,No-Filter,132062,-8,3214,93192,215,3229,67699,-3885,24468,22470,11681,124,1845,128493,43167,XRF2,1,10/7/2019,15:49:07,LEVAY_B,11/1/2019 22:31,~1mm accessory; with film; XRF 2
382,U1536,A,4,H,5,A,320,29.83,29.484,44593702,SHLF9855341,10,0.16,6,7,10,12,No-Filter,128763,-18,2892,86968,230,3065,66860,-3441,23943,22512,11290,-134,1684,125276,42600,XRF2,1,10/7/2019,15:49:24,LEVAY_B,11/1/2019 22:31,~1mm accessory; with film; XRF 2
382,U1536,A,4,H,5,A,340,29.85,29.504,44593702,SHLF9855341,10,0.16,6,7,10,12,No-Filter,128830,-38,2930,85032,193,3139,67885,-3838,23462,21973,11631,84,2136,124587,43203,XRF2,1,10/7/2019,15:49:40,LEVAY_B,11/1/2019 22:31,~1mm accessory; with film; XRF 2
382,U1536,A,4,H,5,A,360,29.87,29.524,44593702,SHLF9855341,10,0.16,6,7,10,12,No-Filter,130768,22,2889,86776,203,3430,67807,-3482,24142,22168,11463,339,2124,130544,43627,XRF2,1,10/7/2019,15:49:56,LEVAY_B,11/1/2019 22:31,~1mm accessory; with film; XRF 2
382,U1536,A,4,H,5,A,380,29.89,29.544,44593702,SHLF9855341,10,0.16,6,7,10,12,No-Filter,130584,-26,2899,88681,113,3128,67572,-3714,24346,22139,11271,85,2076,128570,43205,XRF2,1,10/7/2019,15:50:12,LEVAY_B,11/1/2019 22:31,~1mm accessory; with film; XRF 2
382,U1536,A,4,H,5,A,400,29.91,29.564,44593702,SHLF9855341,10,0.16,6,7,10,12,No-Filter,130109,19,3079,89834,204,3298,65540,-3967,24029,21956,11795,-117,2039,129507,43164,XRF2,1,10/7/2019,15:50:28,LEVAY_B,11/1/2019 22:31,~1mm accessory; with film; XRF 2
382,U1536,A,4,H,5,A,420,29.93,29.584,44593702,SHLF9855341,10,0.16,6,7,10,12,No-Filter,126654,-23,2403,80397,215,3013,67467,-3242,22175,20722,10827,-299,1648,119443,42706,XRF2,1,10/7/2019,15:50:44,LEVAY_B,11/1/2019 22:31,~1mm accessory; with film; XRF 2
382,U1536,A,4,H,5,A,440,29.95,29.604,44593702,SHLF9855341,10,0.16,6,7,10,12,No-Filter,126686,19,2618,79820,133,3343,68271,-3518,22658,20973,11040,-38,2014,122786,43058,XRF2,1,10/7/2019,15:51:00,LEVAY_B,11/1/2019 22:31,~1mm accessory; with film; XRF 2
382,U1536,A,4,H,5,A,460,29.97,29.624,44593702,SHLF9855341,10,0.16,6,7,10,12,No-Filter,125041,12,2358,74791,254,3390,70302,-3581,21318,19406,10534,174,1533,116379,42651,XRF2,1,10/7/2019,15:51:16,LEVAY_B,11/1/2019 22:31,~1mm accessory; with film; XRF 2
382,U1536,A,4,H,5,A,480,29.99,29.644,44593702,SHLF9855341,10,0.16,6,7,10,12,No-Filter,125933,-19,2572,79213,158,3164,69656,-3678,21718,19833,10522,26,1499,118785,43427,XRF2,1,10/7/2019,15:51:32,LEVAY_B,11/1/2019 22:31,~1mm accessory; with film; XRF 2
382,U1536,A,4,H,5,A,500,30.01,29.664,44593702,SHLF9855341,10,0.16,6,7,10,12,No-Filter,125580,9,2394,77035,66,2955,71079,-3765,21854,20108,10612,-62,1489,118277,44213,XRF2,1,10/7/2019,15:51:48,LEVAY_B,11/1/2019 22:31,~1mm accessory; with film; XRF 2
382,U1536,A,4,H,5,A,520,30.03,29.684,44593702,SHLF9855341,10,0.16,6,7,10,12,No-Filter,126373,-39,2664,81087,152,3033,69584,-3609,22669,20191,11201,-35,1886,119413,43324,XRF2,1,10/7/2019,15:52:04,LEVAY_B,11/1/2019 22:31,~1mm accessory; with film; XRF 2
382,U1536,A,4,H,5,A,540,30.05,29.704,44593702,SHLF9855341,10,0.16,6,7,10,12,No-Filter,129580,-23,2956,85630,198,3501,68672,-3776,23771,21619,10976,-54,1833,126841,43345,XRF2,1,10/7/2019,15:52:20,LEVAY_B,11/1/2019 22:31,~1mm accessory; with film; XRF 2
382,U1536,A,4,H,5,A,560,30.07,29.724,44593702,SHLF9855341,10,0.16,6,7,10,12,No-Filter,130401,15,3182,90946,142,2907,65135,-3571,24746,22901,11753,267,1872,130418,42443,XRF2,1,10/7/2019,15:52:36,LEVAY_B,11/1/2019 22:31,~1mm accessory; with film; XRF 2
382,U1536,A,4,H,5,A,580,30.09,29.744,44593702,SHLF9855341,10,0.16,6,7,10,12,No-Filter,130953,-30,2905,88124,174,3219,67038,-3842,24874,22904,11844,50,2278,132034,43060,XRF2,1,10/7/2019,15:52:52,LEVAY_B,11/1/2019 22:31,~1mm accessory; with film; XRF 2
382,U1536,A,4,H,5,A,600,30.11,29.764,44593702,SHLF9855341,10,0.16,6,7,10,12,No-Filter,130272,7,3035,87020,191,3558,68422,-3982,24439,21757,11683,267,1945,129089,43770,XRF2,1,10/7/2019,15:53:08,LEVAY_B,11/1/2019 22:31,~1mm accessory; with film; XRF 2
382,U1536,A,4,H,5,A,620,30.13,29.784,44593702,SHLF9855341,10,0.16,6,7,10,12,No-Filter,129459,30,2956,89081,229,3337,65327,-3650,24090,22491,11740,143,1835,128973,42684,XRF2,1,10/7/2019,15:53:25,LEVAY_B,11/1/2019 22:31,~1mm accessory; with film; XRF 2
382,U1536,A,4,H,5,A,640,30.15,29.804,44593702,SHLF9855341,10,0.16,6,7,10,12,No-Filter,128593,-47,2911,87693,189,3223,66848,-3576,23908,22618,11262,-42,1585,124631,42685,XRF2,1,10/7/2019,15:53:41,LEVAY_B,11/1/2019 22:31,~1mm accessory; with film; XRF 2
382,U1536,A,4,H,5,A,660,30.17,29.824,44593702,SHLF9855341,10,0.16,6,7,10,12,No-Filter,127737,-24,2685,83595,183,3175,67577,-3518,23905,21385,11547,-56,1539,125446,42745,XRF2,1,10/7/2019,15:53:57,LEVAY_B,11/1/2019 22:31,~1mm accessory; with film; XRF 2
382,U1536,A,4,H,5,A,680,30.19,29.844,44593702,SHLF9855341,10,0.16,6,7,10,12,No-Filter,128002,-41,2814,86386,169,3066,67024,-3655,23055,21014,10838,-3,1688,123029,43245,XRF2,1,10/7/2019,15:54:13,LEVAY_B,11/1/2019 22:31,~1mm accessory; with film; XRF 2
382,U1536,A,4,H,5,A,700,30.21,29.864,44593702,SHLF9855341,10,0.16,6,7,10,12,No-Filter,126847,31,2738,84773,116,3199,68829,-3711,22121,20507,10641,-11,1546,118754,43223,XRF2,1,10/7/2019,15:54:29,LEVAY_B,11/1/2019 22:31,~1mm accessory; with film; XRF 2
382,U1536,A,4,H,5,A,720,30.23,29.884,44593702,SHLF9855341,10,0.16,6,7,10,12,No-Filter,126724,-55,2350,78583,162,3645,70895,-3388,21716,19841,10716,-257,1663,122140,43505,XRF2,1,10/7/2019,15:54:46,LEVAY_B,11/1/2019 22:31,~1mm accessory; with film; XRF 2
382,U1536,A,4,H,5,A,740,30.25,29.904,44593702,SHLF9855341,10,0.16,6,7,10,12,No-Filter,128658,-44,2681,88343,240,3508,67995,-3762,22076,20578,10733,-252,1760,123434,43042,XRF2,1,10/7/2019,15:55:02,LEVAY_B,11/1/2019 22:31,~1mm accessory; with film; XRF 2
382,U1536,A,4,H,5,A,760,30.27,29.924,44593702,SHLF9855341,10,0.16,6,7,10,12,No-Filter,127150,-14,2459,80830,85,3125,70653,-3497,21603,19611,10400,6,1830,120728,43494,XRF2,1,10/7/2019,15:55:18,LEVAY_B,11/1/2019 22:31,~1mm accessory; with film; XRF 2
382,U1536,A,4,H,5,A,780,30.29,29.944,44593702,SHLF9855341,10,0.16,6,7,10,12,No-Filter,126752,20,2504,82447,228,3335,69241,-3653,21665,19901,10332,-85,1662,121291,43116,XRF2,1,10/7/2019,15:55:34,LEVAY_B,11/1/2019 22:31,~1mm accessory; with film; XRF 2
382,U1536,A,4,H,5,A,800,30.31,29.964,44593702,SHLF9855341,10,0.16,6,7,10,12,No-Filter,128049,-17,2524,85389,239,4621,69409,-3513,21418,19653,10249,-136,1483,121213,43279,XRF2,1,10/7/2019,15:55:50,LEVAY_B,11/1/2019 22:31,~1mm accessory; with film; XRF 2
382,U1536,A,4,H,5,A,820,30.33,29.984,44593702,SHLF9855341,10,0.16,6,7,10,12,No-Filter,126585,42,2567,85511,85,3571,70162,-3620,21404,19051,9837,259,1546,114812,43461,XRF2,1,10/7/2019,15:56:07,LEVAY_B,11/1/2019 22:31,~1mm accessory; with film; XRF 2
382,U1536,A,4,H,5,A,840,30.35,30.004,44593702,SHLF9855341,10,0.16,6,7,10,12,No-Filter,127777,-21,2613,87542,203,3606,70545,-3662,21803,18723,9697,27,1668,116251,43147,XRF2,1,10/7/2019,15:56:23,LEVAY_B,11/1/2019 22:31,~1mm accessory; with film; XRF 2
382,U1536,A,4,H,5,A,860,30.37,30.024,44593702,SHLF9855341,10,0.16,6,7,10,12,No-Filter,126810,-5,2547,85173,167,3564,70587,-4080,20974,18632,9476,12,1476,113839,44403,XRF2,1,10/7/2019,15:56:39,LEVAY_B,11/1/2019 22:31,~1mm accessory; with film; XRF 2
382,U1536,A,4,H,5,A,880,30.39,30.044,44593702,SHLF9855341,10,0.16,6,7,10,12,No-Filter,123701,-56,2175,76573,134,3706,73852,-3343,19615,17779,8713,-53,1422,107732,42824,XRF2,1,10/7/2019,15:56:55,LEVAY_B,11/1/2019 22:31,~1mm accessory; with film; XRF 2
382,U1536,A,4,H,5,A,900,30.41,30.064,44593702,SHLF9855341,10,0.16,6,7,10,12,No-Filter,122684,15,2433,76716,158,3310,70795,-3635,20152,17779,8835,-158,1373,110551,42372,XRF2,1,10/7/2019,15:57:11,LEVAY_B,11/1/2019 22:31,~1mm accessory; with film; XRF 2
382,U1536,A,4,H,5,A,920,30.43,30.084,44593702,SHLF9855341,10,0.16,6,7,10,12,No-Filter,123520,-39,2200,72183,102,3501,74775,-3735,19903,17622,9012,-195,1456,111065,43520,XRF2,1,10/7/2019,15:57:27,LEVAY_B,11/1/2019 22:31,~1mm accessory; with film; XRF 2
382,U1536,A,4,H,5,A,940,30.45,30.104,44593702,SHLF9855341,10,0.16,6,7,10,12,No-Filter,125209,-3,2491,78610,195,3734,71422,-3654,21081,18938,10069,-14,1590,114605,43672,XRF2,1,10/7/2019,15:57:43,LEVAY_B,11/1/2019 22:31,~1mm accessory; with film; XRF 2
382,U1536,A,4,H,5,A,960,30.47,30.124,44593702,SHLF9855341,10,0.16,6,7,10,12,No-Filter,124606,-10,2541,81654,186,3342,70495,-3926,21164,18561,9960,-94,1521,111612,43255,XRF2,1,10/7/2019,15:57:59,LEVAY_B,11/1/2019 22:31,~1mm accessory; with film; XRF 2
382,U1536,A,4,H,5,A,980,30.49,30.144,44593702,SHLF9855341,10,0.16,6,7,10,12,No-Filter,125475,33,2518,78412,128,3415,72122,-3843,20669,18916,9708,323,1818,113908,43566,XRF2,1,10/7/2019,15:58:15,LEVAY_B,11/1/2019 22:31,~1mm accessory; with film; XRF 2
382,U1536,A,4,H,5,A,1000,30.51,30.164,44593702,SHLF9855341,10,0.16,6,7,10,12,No-Filter,127112,-7,2376,77388,111,3709,73460,-3840,20907,18432,10073,-149,1521,120145,43957,XRF2,1,10/7/2019,15:58:31,LEVAY_B,11/1/2019 22:31,~1mm accessory; with film; XRF 2
382,U1536,A,4,H,5,A,1020,30.53,30.184,44593702,SHLF9855341,10,0.16,6,7,10,12,No-Filter,127169,11,2877,84216,157,3445,68847,-3810,22279,19490,10390,25,1847,118919,43681,XRF2,1,10/7/2019,15:58:47,LEVAY_B,11/1/2019 22:31,~1mm accessory; with film; XRF 2
382,U1536,A,4,H,5,A,1040,30.55,30.204,44593702,SHLF9855341,10,0.16,6,7,10,12,No-Filter,125735,-11,2511,80586,34,3208,71211,-3598,21310,19332,9911,-121,1624,114283,43500,XRF2,1,10/7/2019,15:59:03,LEVAY_B,11/1/2019 22:31,~1mm accessory; with film; XRF 2
382,U1536,A,4,H,5,A,1060,30.57,30.224,44593702,SHLF9855341,10,0.16,6,7,10,12,No-Filter,128404,14,2785,87018,173,3367,68889,-3968,22538,20191,10312,-34,1496,120534,43509,XRF2,1,10/7/2019,15:59:19,LEVAY_B,11/1/2019 22:31,~1mm accessory; with film; XRF 2
382,U1536,A,4,H,5,A,1080,30.59,30.244,44593702,SHLF9855341,10,0.16,6,7,10,12,No-Filter,127642,-29,2430,78745,178,4003,72415,-3514,21304,19543,9842,-3,1599,123060,43534,XRF2,1,10/7/2019,15:59:36,LEVAY_B,11/1/2019 22:31,~1mm accessory; with film; XRF 2
382,U1536,A,4,H,5,A,1100,30.61,30.264,44593702,SHLF9855341,10,0.16,6,7,10,12,No-Filter,126970,15,2293,70819,119,3847,76747,-3982,20804,18495,9924,-9,1907,121766,44521,XRF2,1,10/7/2019,15:59:52,LEVAY_B,11/1/2019 22:31,~1mm accessory; with film; XRF 2
382,U1536,A,4,H,5,A,1120,30.63,30.284,44593702,SHLF9855341,10,0.16,6,7,10,12,No-Filter,126202,-20,2429,76744,184,3348,70510,-3765,21955,19595,10361,-239,1820,121631,43012,XRF2,1,10/7/2019,16:00:08,LEVAY_B,11/1/2019 22:31,~1mm accessory; with film; XRF 2
382,U1536,A,4,H,5,A,1140,30.65,30.304,44593702,SHLF9855341,10,0.16,6,7,10,12,No-Filter,128182,3,2845,84772,217,3322,69974,-3858,23080,20624,11258,-226,1488,123506,43041,XRF2,1,10/7/2019,16:00:24,LEVAY_B,11/1/2019 22:31,~1mm accessory; with film; XRF 2
382,U1536,A,4,H,5,A,1160,30.67,30.324,44593702,SHLF9855341,10,0.16,6,7,10,12,No-Filter,130669,22,2996,90409,198,3385,68739,-3634,24198,20965,11414,287,1909,128594,42814,XRF2,1,10/7/2019,16:00:40,LEVAY_B,11/1/2019 22:31,~1mm accessory; with film; XRF 2
382,U1536,A,4,H,5,A,1180,30.69,30.344,44593702,SHLF9855341,10,0.16,6,7,10,12,No-Filter,129006,2,2732,86800,165,3709,70782,-3896,22916,20307,10694,359,1461,123298,43194,XRF2,1,10/7/2019,16:00:56,LEVAY_B,11/1/2019 22:31,~1mm accessory; with film; XRF 2
382,U1536,A,4,H,5,A,1200,30.71,30.364,44593702,SHLF9855341,10,0.16,6,7,10,12,No-Filter,129937,32,2858,88187,210,3571,70527,-4184,23311,20369,10573,-108,1872,123568,42965,XRF2,1,10/7/2019,16:01:12,LEVAY_B,11/1/2019 22:31,~1mm accessory; with film; XRF 2
382,U1536,A,4,H,5,A,1220,30.73,30.384,44593702,SHLF9855341,10,0.16,6,7,10,12,No-Filter,131424,-3,3210,97363,175,3189,65375,-4123,24321,21064,11404,140,1867,127924,42893,XRF2,1,10/7/2019,16:01:28,LEVAY_B,11/1/2019 22:31,~1mm accessory; with film; XRF 2
382,U1536,A,4,H,5,A,1240,30.75,30.404,44593702,SHLF9855341,10,0.16,6,7,10,12,No-Filter,124896,12,2741,82379,124,3051,65127,-3248,23477,19651,10751,-140,1862,121722,42028,XRF2,1,10/7/2019,16:01:45,LEVAY_B,11/1/2019 22:31,~1mm accessory; with film; XRF 2
382,U1536,A,4,H,5,A,1260,30.77,30.424,44593702,SHLF9855341,10,0.16,6,7,10,12,No-Filter,127213,3,2867,85407,135,3137,67836,-3524,23426,19485,10703,58,1784,124195,42011,XRF2,1,10/7/2019,16:02:00,LEVAY_B,11/1/2019 22:31,~1mm accessory; with film; XRF 2
382,U1536,A,4,H,5,A,1280,30.79,30.444,44593702,SHLF9855341,10,0.16,6,7,10,12,No-Filter,129993,3,2896,86498,113,3333,66717,-3935,24354,20682,11578,314,1919,131222,43089,XRF2,1,10/7/2019,16:02:16,LEVAY_B,11/1/2019 22:31,~1mm accessory; with film; XRF 2
382,U1536,A,4,H,5,A,1300,30.81,30.464,44593702,SHLF9855341,10,0.16,6,7,10,12,No-Filter,129575,3,2971,85573,159,3115,67020,-3294,24815,20854,11532,51,2034,130103,42942,XRF2,1,10/7/2019,16:02:34,LEVAY_B,11/1/2019 22:31,~1mm accessory; with film; XRF 2
382,U1536,A,4,H,5,A,1320,30.83,30.484,44593702,SHLF9855341,10,0.16,6,7,10,12,No-Filter,127961,-11,2831,83968,127,3453,67717,-3746,23535,19992,10982,-37,1491,124354,42898,XRF2,1,10/7/2019,16:02:50,LEVAY_B,11/1/2019 22:31,~1mm accessory; with film; XRF 2
382,U1536,A,4,H,5,A,1340,30.85,30.504,44593702,SHLF9855341,10,0.16,6,7,10,12,No-Filter,130556,-22,2367,76125,187,4328,73013,-3776,22723,19993,10754,0,1543,136743,43747,XRF2,1,10/7/2019,16:03:06,LEVAY_B,11/1/2019 22:31,~1mm accessory; with film; XRF 2
382,U1536,A,4,H,5,A,1360,30.87,30.524,44593702,SHLF9855341,10,0.16,6,7,10,12,No-Filter,131861,9,3193,93402,262,3310,66514,-3986,25069,21089,12291,246,1879,131704,42361,XRF2,1,10/7/2019,16:03:22,LEVAY_B,11/1/2019 22:31,~1mm accessory; with film; XRF 2
382,U1536,A,4,H,5,A,1380,30.89,30.544,44593702,SHLF9855341,10,0.16,6,7,10,12,No-Filter,129067,5,2790,81437,201,3332,68969,-3772,24414,20501,11662,38,1805,128633,43899,XRF2,1,10/7/2019,16:03:39,LEVAY_B,11/1/2019 22:31,~1mm accessory; with film; XRF 2
382,U1536,A,4,H,5,A,1400,30.91,30.564,44593702,SHLF9855341,10,0.16,6,7,10,12,No-Filter,126420,-22,2413,69593,131,3781,74048,-3601,22298,18828,10866,-167,1846,127248,43359,XRF2,1,10/7/2019,16:03:55,LEVAY_B,11/1/2019 22:31,~1mm accessory; with film; XRF 2
382,U1536,A,4,H,5,A,1420,30.93,30.584,44593702,SHLF9855341,10,0.16,6,7,10,12,No-Filter,127347,5,2766,77439,203,3417,67732,-3200,24121,20394,11697,65,1564,130041,41880,XRF2,1,10/7/2019,16:04:11,LEVAY_B,11/1/2019 22:31,~1mm accessory; with film; XRF 2
382,U1536,A,4,H,5,A,1440,30.95,30.604,44593702,SHLF9855341,10,0.16,6,7,10,12,No-Filter,128349,-5,2871,80791,200,3317,63662,-2790,24864,20370,11650,5,1795,132270,42458,XRF2,1,10/7/2019,16:04:27,LEVAY_B,11/1/2019 22:31,~1mm accessory; with film; XRF 2
382,U1536,A,4,H,5,A,1460,30.97,30.624,44593702,SHLF9855341,10,0.16,6,7,10,12,No-Filter,125908,-25,2529,69270,129,3556,73218,-3703,22081,18253,10487,-112,1917,125680,42893,XRF2,1,10/7/2019,16:04:43,LEVAY_B,11/1/2019 22:31,~1mm accessory; with film; XRF 2
382,U1536,A,4,H,5,A,1480,30.99,30.644,44593702,SHLF9855341,10,0.16,6,7,10,12,No-Filter,131970,5,2974,89117,214,3748,68675,-4005,24930,20794,11712,46,1903,131881,43479,XRF2,1,10/7/2019,16:04:59,LEVAY_B,11/1/2019 22:31,~1mm accessory; with film; XRF 2
382,U1536,A,5,H,1,A,20,33.02,33.02,44593712,SHLF9855691,10,0.16,6,7,10,12,No-Filter,124629,9,2076,67250,100,3374,78891,-3833,18919,16608,9399,92,1377,114002,43067,XRF2,1,10/7/2019,16:34:23,LEVAY_B,11/1/2019 22:31,~1mm accessory; with film; XRF 2
382,U1536,A,5,H,1,A,40,33.04,33.04,44593712,SHLF9855691,10,0.16,6,7,10,12,No-Filter,116381,-57,1477,49619,32,3618,82598,-2817,16057,14872,8076,-125,1587,101125,43663,XRF2,1,10/7/2019,16:34:39,LEVAY_B,11/1/2019 22:31,~1mm accessory; with film; XRF 2
382,U1536,A,5,H,1,A,60,33.06,33.06,44593712,SHLF9855691,10,0.16,6,7,10,12,No-Filter,119616,-2,1640,55796,95,3515,78047,-3071,18876,16721,8861,-262,1572,111498,43601,XRF2,1,10/7/2019,16:34:55,LEVAY_B,11/1/2019 22:31,~1mm accessory; with film; XRF 2
382,U1536,A,5,H,1,A,80,33.08,33.08,44593712,SHLF9855691,10,0.16,6,7,10,12,No-Filter,120598,11,1838,57561,19,3260,75971,-2923,20365,16726,9933,-57,1437,116190,43482,XRF2,1,10/7/2019,16:35:11,LEVAY_B,11/1/2019 22:31,~1mm accessory; with film; XRF 2
382,U1536,A,5,H,1,A,100,33.1,33.1,44593712,SHLF9855691,10,0.16,6,7,10,12,No-Filter,118931,-52,1563,53811,33,3265,78054,-3500,17668,16185,9333,-399,1440,109280,45312,XRF2,1,10/7/2019,16:35:26,LEVAY_B,11/1/2019 22:31,~1mm accessory; with film; XRF 2
382,U1536,A,5,H,1,A,120,33.12,33.12,44593712,SHLF9855691,10,0.16,6,7,10,12,No-Filter,115585,-44,1190,45010,51,3436,82446,-2866,15426,14457,8112,-333,1487,99595,45418,XRF2,1,10/7/2019,16:35:42,LEVAY_B,11/1/2019 22:31,~1mm accessory; with film; XRF 2
382,U1536,A,5,H,1,A,140,33.14,33.14,44593712,SHLF9855691,10,0.16,6,7,10,12,No-Filter,113035,22,1322,50906,102,3552,79057,-3001,14760,13692,7549,-484,1460,91098,43968,XRF2,1,10/7/2019,16:35:58,LEVAY_B,11/1/2019 22:31,~1mm accessory; with film; XRF 2
382,U1536,A,5,H,1,A,160,33.16,33.16,44593712,SHLF9855691,10,0.16,6,7,10,12,No-Filter,114899,-57,1364,52466,126,3365,80072,-3039,15094,14401,7727,-316,1530,93543,44247,XRF2,1,10/7/2019,16:36:14,LEVAY_B,11/1/2019 22:31,~1mm accessory; with film; XRF 2
382,U1536,A,5,H,1,A,180,33.18,33.18,44593712,SHLF9855691,10,0.16,6,7,10,12,No-Filter,118093,-57,1426,55725,124,3398,81339,-3813,16148,15539,8403,-448,1522,96984,45065,XRF2,1,10/7/2019,16:36:29,LEVAY_B,11/1/2019 22:31,~1mm accessory; with film; XRF 2
382,U1536,A,5,H,1,A,200,33.2,33.2,44593712,SHLF9855691,10,0.16,6,7,10,12,No-Filter,117552,-35,1284,56921,69,3740,82076,-4076,15574,14531,7868,-603,1256,91439,45775,XRF2,1,10/7/2019,16:36:45,LEVAY_B,11/1/2019 22:31,~1mm accessory; with film; XRF 2
382,U1536,A,5,H,1,A,220,33.22,33.22,44593712,SHLF9855691,10,0.16,6,7,10,12,No-Filter,117604,-17,1475,60335,65,3694,81672,-4092,15380,14227,7478,-653,1301,92158,44990,XRF2,1,10/7/2019,16:37:01,LEVAY_B,11/1/2019 22:31,~1mm accessory; with film; XRF 2
382,U1536,A,5,H,1,A,240,33.24,33.24,44593712,SHLF9855691,10,0.16,6,7,10,12,No-Filter,117269,-1,1418,59480,34,3525,83038,-4246,14867,14572,7345,-203,1287,89748,45153,XRF2,1,10/7/2019,16:37:17,LEVAY_B,11/1/2019 22:31,~1mm accessory; with film; XRF 2
382,U1536,A,5,H,1,A,260,33.26,33.26,44593712,SHLF9855691,10,0.16,6,7,10,12,No-Filter,120872,-17,1363,59335,120,4134,84815,-4194,15663,14835,7909,-703,1214,100318,46064,XRF2,1,10/7/2019,16:37:32,LEVAY_B,11/1/2019 22:31,~1mm accessory; with film; XRF 2
382,U1536,A,5,H,1,A,280,33.28,33.28,44593712,SHLF9855691,10,0.16,6,7,10,12,No-Filter,119892,17,1810,70005,52,3376,76684,-4015,16601,15619,8013,-511,1413,97119,44199,XRF2,1,10/7/2019,16:37:48,LEVAY_B,11/1/2019 22:31,~1mm accessory; with film; XRF 2
382,U1536,A,5,H,1,A,300,33.3,33.3,44593712,SHLF9855691,10,0.16,6,7,10,12,No-Filter,116444,-42,1472,63239,137,3653,77043,-3865,15880,14750,7937,-248,1535,92574,42817,XRF2,1,10/7/2019,16:38:04,LEVAY_B,11/1/2019 22:31,~1mm accessory; with film; XRF 2
382,U1536,A,5,H,1,A,320,33.32,33.32,44593712,SHLF9855691,10,0.16,6,7,10,12,No-Filter,119087,-21,1742,69110,158,3574,77229,-4414,16913,15074,8017,-157,1498,96019,43802,XRF2,1,10/7/2019,16:38:20,LEVAY_B,11/1/2019 22:31,~1mm accessory; with film; XRF 2
382,U1536,A,5,H,1,A,340,33.34,33.34,44593712,SHLF9855691,10,0.16,6,7,10,12,No-Filter,120214,-32,1613,64478,66,3727,80304,-4354,17033,15422,7989,-243,1385,97684,44455,XRF2,1,10/7/2019,16:38:36,LEVAY_B,11/1/2019 22:31,~1mm accessory; with film; XRF 2
382,U1536,A,5,H,1,A,360,33.36,33.36,44593712,SHLF9855691,10,0.16,6,7,10,12,No-Filter,122123,-50,1517,67637,67,3614,82331,-4272,16840,14696,7629,-668,1425,96538,45116,XRF2,1,10/7/2019,16:38:51,LEVAY_B,11/1/2019 22:31,~1mm accessory; with film; XRF 2
382,U1536,A,5,H,1,A,380,33.38,33.38,44593712,SHLF9855691,10,0.16,6,7,10,12,No-Filter,121092,-49,1439,65631,83,3612,82286,-4019,15589,14268,7439,-324,1561,92541,44827,XRF2,1,10/7/2019,16:39:08,LEVAY_B,11/1/2019 22:31,~1mm accessory; with film; XRF 2
382,U1536,A,5,H,1,A,400,33.4,33.4,44593712,SHLF9855691,10,0.16,6,7,10,12,No-Filter,119457,-51,1452,60928,151,3807,84263,-3579,14729,13453,7123,-311,1422,88374,44442,XRF2,1,10/7/2019,16:39:24,LEVAY_B,11/1/2019 22:31,~1mm accessory; with film; XRF 2
382,U1536,A,5,H,1,A,420,33.42,33.42,44593712,SHLF9855691,10,0.16,6,7,10,12,No-Filter,124547,22,1758,72502,183,3703,82377,-4619,16796,15205,7738,-458,1398,96202,46635,XRF2,1,10/7/2019,16:39:40,LEVAY_B,11/1/2019 22:31,~1mm accessory; with film; XRF 2
382,U1536,A,5,H,1,A,440,33.44,33.44,44593712,SHLF9855691,10,0.16,6,7,10,12,No-Filter,124555,-39,1582,71889,72,3602,84841,-4579,16501,14479,7784,-411,1487,95383,45766,XRF2,1,10/7/2019,16:39:56,LEVAY_B,11/1/2019 22:31,~1mm accessory; with film; XRF 2
382,U1536,A,5,H,1,A,460,33.46,33.46,44593712,SHLF9855691,10,0.16,6,7,10,12,No-Filter,123407,-58,1682,69546,96,3774,84918,-4730,16178,14203,7477,-435,1334,94184,46532,XRF2,1,10/7/2019,16:40:12,LEVAY_B,11/1/2019 22:31,~1mm accessory; with film; XRF 2
382,U1536,A,5,H,1,A,480,33.48,33.48,44593712,SHLF9855691,10,0.16,6,7,10,12,No-Filter,123257,-51,1459,61479,49,3904,89549,-4880,15624,13803,7341,-629,1438,94121,47207,XRF2,1,10/7/2019,16:40:28,LEVAY_B,11/1/2019 22:31,~1mm accessory; with film; XRF 2
382,U1536,A,5,H,1,A,500,33.5,33.5,44593712,SHLF9855691,10,0.16,6,7,10,12,No-Filter,123925,-27,1473,65478,7,3716,88413,-4880,15702,13804,7247,-520,1219,92219,47414,XRF2,1,10/7/2019,16:40:44,LEVAY_B,11/1/2019 22:31,~1mm accessory; with film; XRF 2
382,U1536,A,5,H,1,A,520,33.52,33.52,44593712,SHLF9855691,10,0.16,6,7,10,12,No-Filter,123925,-43,1465,61878,41,3656,89793,-4865,15367,13480,6904,-735,910,88951,46713,XRF2,1,10/7/2019,16:41:01,LEVAY_B,11/1/2019 22:31,~1mm accessory; with film; XRF 2
382,U1536,A,5,H,1,A,540,33.54,33.54,44593712,SHLF9855691,10,0.16,6,7,10,12,No-Filter,120575,-38,1218,53231,70,3803,95159,-5035,13483,11974,5760,-660,1204,80321,47699,XRF2,1,10/7/2019,16:41:16,LEVAY_B,11/1/2019 22:31,~1mm accessory; with film; XRF 2
382,U1536,A,5,H,1,A,560,33.56,33.56,44593712,SHLF9855691,10,0.16,6,7,10,12,No-Filter,120646,-34,987,44661,50,4069,101347,-4874,12178,10866,5472,-691,1257,76643,49725,XRF2,1,10/7/2019,16:41:33,LEVAY_B,11/1/2019 22:31,~1mm accessory; with film; XRF 2
382,U1536,A,5,H,1,A,580,33.58,33.58,44593712,SHLF9855691,10,0.16,6,7,10,12,No-Filter,122075,-25,1017,53189,-1,3998,98419,-4573,12532,11828,5779,-767,1152,77678,48347,XRF2,1,10/7/2019,16:41:48,LEVAY_B,11/1/2019 22:31,~1mm accessory; with film; XRF 2
382,U1536,A,5,H,1,A,600,33.6,33.6,44593712,SHLF9855691,10,0.16,6,7,10,12,No-Filter,120590,-25,1126,55767,62,3581,94308,-4254,13189,12141,6006,-753,1349,79599,46374,XRF2,1,10/7/2019,16:42:04,LEVAY_B,11/1/2019 22:31,~1mm accessory; with film; XRF 2
382,U1536,A,5,H,1,A,620,33.62,33.62,44593712,SHLF9855691,10,0.16,6,7,10,12,No-Filter,119245,-53,973,48506,74,4019,99170,-4730,11885,11193,5307,-635,1016,74265,48326,XRF2,1,10/7/2019,16:42:20,LEVAY_B,11/1/2019 22:31,~1mm accessory; with film; XRF 2
382,U1536,A,5,H,1,A,640,33.64,33.64,44593712,SHLF9855691,10,0.16,6,7,10,12,No-Filter,117041,-54,1013,49851,63,3972,95826,-4453,11884,10895,5470,-388,1198,75977,47567,XRF2,1,10/7/2019,16:42:36,LEVAY_B,11/1/2019 22:31,~1mm accessory; with film; XRF 2
382,U1536,A,5,H,1,A,660,33.66,33.66,44593712,SHLF9855691,10,0.16,6,7,10,12,No-Filter,116533,-16,1522,68936,33,3377,79343,-3791,14662,12971,6544,-643,1401,83375,44357,XRF2,1,10/7/2019,16:42:52,LEVAY_B,11/1/2019 22:31,~1mm accessory; with film; XRF 2
382,U1536,A,5,H,1,A,680,33.68,33.68,44593712,SHLF9855691,10,0.16,6,7,10,12,No-Filter,118716,-21,1614,77249,121,3343,76461,-3918,15727,13478,7011,-391,1585,86229,44040,XRF2,1,10/7/2019,16:43:07,LEVAY_B,11/1/2019 22:31,~1mm accessory; with film; XRF 2
382,U1536,A,5,H,1,A,700,33.7,33.7,44593712,SHLF9855691,10,0.16,6,7,10,12,No-Filter,119835,-40,1845,84135,110,3099,74539,-4259,16063,14140,7306,-376,1420,88609,43560,XRF2,1,10/7/2019,16:43:23,LEVAY_B,11/1/2019 22:31,~1mm accessory; with film; XRF 2
382,U1536,A,5,H,1,A,720,33.72,33.72,44593712,SHLF9855691,10,0.16,6,7,10,12,No-Filter,117577,-51,1606,78388,179,3239,75030,-3642,15446,13499,7160,-556,1571,86622,43168,XRF2,1,10/7/2019,16:43:39,LEVAY_B,11/1/2019 22:31,~1mm accessory; with film; XRF 2
382,U1536,A,5,H,1,A,740,33.74,33.74,44593712,SHLF9855691,10,0.16,6,7,10,12,No-Filter,119275,-26,1786,82343,99,3361,74297,-3733,16305,13558,7027,-323,1613,89182,43787,XRF2,1,10/7/2019,16:43:55,LEVAY_B,11/1/2019 22:31,~1mm accessory; with film; XRF 2
382,U1536,A,5,H,1,A,760,33.76,33.76,44593712,SHLF9855691,10,0.16,6,7,10,12,No-Filter,116834,28,1715,76738,115,3402,75600,-3435,15420,13241,6314,-287,1502,84168,43318,XRF2,1,10/7/2019,16:44:10,LEVAY_B,11/1/2019 22:31,~1mm accessory; with film; XRF 2
382,U1536,A,5,H,1,A,780,33.78,33.78,44593712,SHLF9855691,10,0.16,6,7,10,12,No-Filter,115240,-14,1528,71837,87,3064,75522,-3430,14865,12930,6736,-500,1177,83539,43383,XRF2,1,10/7/2019,16:44:26,LEVAY_B,11/1/2019 22:31,~1mm accessory; with film; XRF 2
382,U1536,A,5,H,1,A,800,33.8,33.8,44593712,SHLF9855691,10,0.16,6,7,10,12,No-Filter,114062,-8,1631,70174,53,3084,73782,-3581,14691,13127,6533,-636,1030,81816,43540,XRF2,1,10/7/2019,16:44:42,LEVAY_B,11/1/2019 22:31,~1mm accessory; with film; XRF 2
382,U1536,A,5,H,1,A,820,33.82,33.82,44593712,SHLF9855691,10,0.16,6,7,10,12,No-Filter,117551,-5,1892,82668,101,3206,72314,-3522,16317,13900,7446,-405,1157,86791,42543,XRF2,1,10/7/2019,16:44:58,LEVAY_B,11/1/2019 22:31,~1mm accessory; with film; XRF 2
382,U1536,A,5,H,1,A,840,33.84,33.84,44593712,SHLF9855691,10,0.16,6,7,10,12,No-Filter,117313,-24,1813,80597,123,3196,72402,-3745,15689,13364,6935,-217,1308,84673,43432,XRF2,1,10/7/2019,16:45:14,LEVAY_B,11/1/2019 22:31,~1mm accessory; with film; XRF 2
382,U1536,A,5,H,1,A,860,33.86,33.86,44593712,SHLF9855691,10,0.16,6,7,10,12,No-Filter,118141,30,1806,78454,100,3425,73574,-3668,15770,13842,7325,-423,1178,90301,43869,XRF2,1,10/7/2019,16:45:30,LEVAY_B,11/1/2019 22:31,~1mm accessory; with film; XRF 2
382,U1536,A,5,H,1,A,880,33.88,33.88,44593712,SHLF9855691,10,0.16,6,7,10,12,No-Filter,117246,-36,1719,76285,108,3323,74760,-3624,15896,13506,6992,-445,1415,87002,43216,XRF2,1,10/7/2019,16:45:45,LEVAY_B,11/1/2019 22:31,~1mm accessory; with film; XRF 2
382,U1536,A,5,H,1,A,900,33.9,33.9,44593712,SHLF9855691,10,0.16,6,7,10,12,No-Filter,116812,-54,1531,71078,88,3428,74880,-3331,16194,13702,7311,-45,1383,88119,44299,XRF2,1,10/7/2019,16:46:01,LEVAY_B,11/1/2019 22:31,~1mm accessory; with film; XRF 2
382,U1536,A,5,H,1,A,920,33.92,33.92,44593712,SHLF9855691,10,0.16,6,7,10,12,No-Filter,115809,-45,1687,70993,132,3308,76024,-3468,15915,13294,7091,-583,1173,85144,43735,XRF2,1,10/7/2019,16:46:17,LEVAY_B,11/1/2019 22:31,~1mm accessory; with film; XRF 2
382,U1536,A,5,H,1,A,940,33.94,33.94,44593712,SHLF9855691,10,0.16,6,7,10,12,No-Filter,116112,-27,1690,74232,115,3190,74361,-2980,16243,13987,7501,-174,1209,87483,43398,XRF2,1,10/7/2019,16:46:33,LEVAY_B,11/1/2019 22:31,~1mm accessory; with film; XRF 2
382,U1536,A,5,H,1,A,960,33.96,33.96,44593712,SHLF9855691,10,0.16,6,7,10,12,No-Filter,117265,-56,1722,75085,38,3067,72350,-3548,16390,14191,7322,-418,1549,90854,44455,XRF2,1,10/7/2019,16:46:49,LEVAY_B,11/1/2019 22:31,~1mm accessory; with film; XRF 2
382,U1536,A,5,H,1,A,980,33.98,33.98,44593712,SHLF9855691,10,0.16,6,7,10,12,No-Filter,116054,-45,1521,68352,110,3391,76661,-3353,15583,13615,7217,-273,1302,87424,44247,XRF2,1,10/7/2019,16:47:04,LEVAY_B,11/1/2019 22:31,~1mm accessory; with film; XRF 2
382,U1536,A,5,H,1,A,1000,34,34,44593712,SHLF9855691,10,0.16,6,7,10,12,No-Filter,117034,-51,1564,69476,72,3136,75457,-3518,16605,14156,7566,-489,1330,90899,44398,XRF2,1,10/7/2019,16:47:20,LEVAY_B,11/1/2019 22:31,~1mm accessory; with film; XRF 2
382,U1536,A,5,H,1,A,1020,34.02,34.02,44593712,SHLF9855691,10,0.16,6,7,10,12,No-Filter,118191,-50,1772,73070,66,3077,72731,-3227,17647,14736,7902,-320,1164,96985,43661,XRF2,1,10/7/2019,16:47:36,LEVAY_B,11/1/2019 22:31,~1mm accessory; with film; XRF 2
382,U1536,A,5,H,1,A,1040,34.04,34.04,44593712,SHLF9855691,10,0.16,6,7,10,12,No-Filter,119374,-17,1990,76590,160,2702,69517,-3070,19405,15778,8573,-97,1652,102244,43199,XRF2,1,10/7/2019,16:47:52,LEVAY_B,11/1/2019 22:31,~1mm accessory; with film; XRF 2
382,U1536,A,5,H,1,A,1060,34.06,34.06,44593712,SHLF9855691,10,0.16,6,7,10,12,No-Filter,121377,4,2358,83586,182,2709,66396,-3283,20212,16325,8951,-22,1271,106979,42619,XRF2,1,10/7/2019,16:48:07,LEVAY_B,11/1/2019 22:31,~1mm accessory; with film; XRF 2
382,U1536,A,5,H,1,A,1080,34.08,34.08,44593712,SHLF9855691,10,0.16,6,7,10,12,No-Filter,125964,1,2544,90566,180,2673,65112,-3568,22429,18093,10291,-29,1992,120035,42507,XRF2,1,10/7/2019,16:48:23,LEVAY_B,11/1/2019 22:31,~1mm accessory; with film; XRF 2
382,U1536,A,5,H,1,A,1100,34.1,34.1,44593712,SHLF9855691,10,0.16,6,7,10,12,No-Filter,126256,-42,2753,90677,172,2601,64906,-3437,23628,18850,10619,-113,1631,119444,41953,XRF2,1,10/7/2019,16:48:39,LEVAY_B,11/1/2019 22:31,~1mm accessory; with film; XRF 2
382,U1536,A,5,H,1,A,1120,34.12,34.12,44593712,SHLF9855691,10,0.16,6,7,10,12,No-Filter,127082,-11,3106,89505,180,2495,64149,-3643,24713,18694,11073,-242,1734,120963,42690,XRF2,1,10/7/2019,16:48:55,LEVAY_B,11/1/2019 22:31,~1mm accessory; with film; XRF 2
382,U1536,A,5,H,1,A,1140,34.14,34.14,44593712,SHLF9855691,10,0.16,6,7,10,12,No-Filter,126767,-18,3183,91455,177,2414,62810,-3186,25510,19823,11436,55,1587,122841,41466,XRF2,1,10/7/2019,16:49:11,LEVAY_B,11/1/2019 22:31,~1mm accessory; with film; XRF 2
382,U1536,A,5,H,1,A,1160,34.16,34.16,44593712,SHLF9855691,10,0.16,6,7,10,12,No-Filter,124585,-35,2854,84000,106,2325,65128,-3558,24894,19191,11011,-81,1735,116745,42256,XRF2,1,10/7/2019,16:49:27,LEVAY_B,11/1/2019 22:31,~1mm accessory; with film; XRF 2
382,U1536,A,5,H,1,A,1180,34.18,34.18,44593712,SHLF9855691,10,0.16,6,7,10,12,No-Filter,131470,-7,3625,95126,168,2333,59723,-3545,29333,22506,13431,317,2202,140441,41046,XRF2,1,10/7/2019,16:49:42,LEVAY_B,11/1/2019 22:31,~1mm accessory; with film; XRF 2
382,U1536,A,5,H,1,A,1200,34.2,34.2,44593712,SHLF9855691,10,0.16,6,7,10,12,No-Filter,138446,44,4502,104372,350,2123,55652,-3834,32962,25942,15192,380,2407,160872,41530,XRF2,1,10/7/2019,16:49:59,LEVAY_B,11/1/2019 22:31,~1mm accessory; with film; XRF 2
382,U1536,A,5,H,1,A,1220,34.22,34.22,44593712,SHLF9855691,10,0.16,6,7,10,12,No-Filter,138419,65,4875,103668,227,1918,54736,-3619,33868,27544,16065,524,2446,159057,41535,XRF2,1,10/7/2019,16:50:15,LEVAY_B,11/1/2019 22:31,~1mm accessory; with film; XRF 2
382,U1536,A,5,H,1,A,1240,34.24,34.24,44593712,SHLF9855691,10,0.16,6,7,10,12,No-Filter,137238,39,4753,101050,300,1882,54984,-3510,33513,28372,15901,435,2340,158110,40749,XRF2,1,10/7/2019,16:50:31,LEVAY_B,11/1/2019 22:31,~1mm accessory; with film; XRF 2
382,U1536,A,5,H,1,A,1260,34.26,34.26,44593712,SHLF9855691,10,0.16,6,7,10,12,No-Filter,137698,70,4714,99237,169,1544,54108,-3490,34281,28684,16053,401,2190,162294,40892,XRF2,1,10/7/2019,16:50:48,LEVAY_B,11/1/2019 22:31,~1mm accessory; with film; XRF 2
382,U1536,A,5,H,1,A,1280,34.28,34.28,44593712,SHLF9855691,10,0.16,6,7,10,12,No-Filter,136767,11,3959,93650,159,1760,57642,-3486,32062,25637,14620,301,2513,163445,41189,XRF2,1,10/7/2019,16:51:04,LEVAY_B,11/1/2019 22:31,~1mm accessory; with film; XRF 2
382,U1536,A,5,H,1,A,1300,34.3,34.3,44593712,SHLF9855691,10,0.16,6,7,10,12,No-Filter,134684,60,4145,90327,235,1907,56665,-3521,32183,26501,15458,531,2111,158813,40930,XRF2,1,10/7/2019,16:51:20,LEVAY_B,11/1/2019 22:31,~1mm accessory; with film; XRF 2
382,U1536,A,5,H,1,A,1320,34.32,34.32,44593712,SHLF9855691,10,0.16,6,7,10,12,No-Filter,131331,-26,2973,78393,203,2112,61530,-3386,27025,21384,12443,70,1718,161050,41940,XRF2,1,10/7/2019,16:51:36,LEVAY_B,11/1/2019 22:31,~1mm accessory; with film; XRF 2
382,U1536,A,5,H,1,A,1340,34.34,34.34,44593712,SHLF9855691,10,0.16,6,7,10,12,No-Filter,135763,-26,3315,82385,258,2014,60529,-3252,29439,23298,13333,254,2122,174478,41639,XRF2,1,10/7/2019,16:51:52,LEVAY_B,11/1/2019 22:31,~1mm accessory; with film; XRF 2
382,U1536,A,5,H,1,A,1360,34.36,34.36,44593712,SHLF9855691,10,0.16,6,7,10,12,No-Filter,133821,-12,3673,85539,62,2290,61825,-3207,30491,24167,14472,223,1885,154443,41349,XRF2,1,10/7/2019,16:52:09,LEVAY_B,11/1/2019 22:31,~1mm accessory; with film; XRF 2
382,U1536,A,5,H,1,A,1380,34.38,34.38,44593712,SHLF9855691,10,0.16,6,7,10,12,No-Filter,129504,-34,3359,84348,194,2568,63385,-3334,27811,22761,12834,117,2172,134043,42164,XRF2,1,10/7/2019,16:52:25,LEVAY_B,11/1/2019 22:31,~1mm accessory; with film; XRF 2
382,U1536,A,5,H,1,A,1400,34.4,34.4,44593712,SHLF9855691,10,0.16,6,7,10,12,No-Filter,131630,-17,2855,76979,171,2615,68915,-3363,25891,20391,11857,284,1970,148664,43080,XRF2,1,10/7/2019,16:52:41,LEVAY_B,11/1/2019 22:31,~1mm accessory; with film; XRF 2
382,U1536,A,5,H,1,A,1420,34.42,34.42,44593712,SHLF9855691,10,0.16,6,7,10,12,No-Filter,126795,-21,2697,76421,181,2926,70010,-3335,24320,19615,11528,11,1827,124300,42815,XRF2,1,10/7/2019,16:52:57,LEVAY_B,11/1/2019 22:31,~1mm accessory; with film; XRF 2
382,U1536,A,5,H,1,A,1440,34.44,34.44,44593712,SHLF9855691,10,0.16,6,7,10,12,No-Filter,124504,-36,2470,69568,41,2680,71784,-3115,23147,20561,11488,-248,1990,121747,42659,XRF2,1,10/7/2019,16:53:13,LEVAY_B,11/1/2019 22:31,~1mm accessory; with film; XRF 2
382,U1536,A,5,H,1,A,1460,34.46,34.46,44593712,SHLF9855691,10,0.16,6,7,10,12,No-Filter,120894,-22,2209,63377,156,2596,72610,-2910,21045,19070,10356,-160,1988,116003,42794,XRF2,1,10/7/2019,16:53:30,LEVAY_B,11/1/2019 22:31,~1mm accessory; with film; XRF 2
382,U1536,A,5,H,1,A,1480,34.48,34.48,44593712,SHLF9855691,10,0.16,6,7,10,12,No-Filter,125682,-55,1849,62162,54,3073,85617,-4319,18584,16632,8974,-502,1538,110750,45200,XRF2,1,10/7/2019,16:53:46,LEVAY_B,11/1/2019 22:31,~1mm accessory; with film; XRF 2
382,U1536,A,5,H,7,A,20,42.01,41.595,44593722,SHLF9855871,10,0.16,6,7,10,12,No-Filter,99693,-67,1402,61153,94,2494,60590,-431,11578,12414,5666,-399,1402,72111,36953,XRF2,1,10/7/2019,17:24:50,LEVAY_B,11/1/2019 22:32,~1mm accessory; with film; XRF 2
382,U1536,A,5,H,7,A,40,42.03,41.615,44593722,SHLF9855871,10,0.16,6,7,10,12,No-Filter,101636,-55,1189,57377,75,2542,66178,-1052,11408,11891,5523,-398,1616,70321,39230,XRF2,1,10/7/2019,17:25:06,LEVAY_B,11/1/2019 22:32,~1mm accessory; with film; XRF 2
382,U1536,A,5,H,7,A,60,42.05,41.635,44593722,SHLF9855871,10,0.16,6,7,10,12,No-Filter,109832,-23,1370,61453,122,2916,76861,-2949,12096,12482,5481,-444,1846,72847,42429,XRF2,1,10/7/2019,17:25:21,LEVAY_B,11/1/2019 22:32,~1mm accessory; with film; XRF 2
382,U1536,A,5,H,7,A,80,42.07,41.655,44593722,SHLF9855871,10,0.16,6,7,10,12,No-Filter,112832,-41,1409,63126,100,2902,75912,-3004,13222,14446,6837,-447,1403,81952,43615,XRF2,1,10/7/2019,17:25:37,LEVAY_B,11/1/2019 22:32,~1mm accessory; with film; XRF 2
382,U1536,A,5,H,7,A,100,42.09,41.675,44593722,SHLF9855871,10,0.16,6,7,10,12,No-Filter,113074,-12,1457,59594,78,2872,77586,-2862,13240,14074,6909,-347,1529,83631,43425,XRF2,1,10/7/2019,17:25:53,LEVAY_B,11/1/2019 22:32,~1mm accessory; with film; XRF 2
382,U1536,A,5,H,7,A,120,42.11,41.695,44593722,SHLF9855871,10,0.16,6,7,10,12,No-Filter,114155,-51,1522,67387,51,3013,75067,-3491,13531,14450,6725,-338,1873,83740,43262,XRF2,1,10/7/2019,17:26:09,LEVAY_B,11/1/2019 22:32,~1mm accessory; with film; XRF 2
382,U1536,A,5,H,7,A,140,42.13,41.715,44593722,SHLF9855871,10,0.16,6,7,10,12,No-Filter,115925,-55,1576,71446,82,2792,74973,-3152,13871,14855,7342,-259,1669,85972,43497,XRF2,1,10/7/2019,17:26:24,LEVAY_B,11/1/2019 22:32,~1mm accessory; with film; XRF 2
382,U1536,A,5,H,7,A,160,42.15,41.735,44593722,SHLF9855871,10,0.16,6,7,10,12,No-Filter,117293,-20,1845,82147,180,2905,71889,-3144,14070,14802,6881,-172,1788,84451,42948,XRF2,1,10/7/2019,17:26:40,LEVAY_B,11/1/2019 22:32,~1mm accessory; with film; XRF 2
382,U1536,A,5,H,7,A,180,42.17,41.755,44593722,SHLF9855871,10,0.16,6,7,10,12,No-Filter,118092,-35,1926,84595,78,2901,72589,-3319,14503,14890,7224,-134,1738,85834,43313,XRF2,1,10/7/2019,17:26:56,LEVAY_B,11/1/2019 22:32,~1mm accessory; with film; XRF 2
382,U1536,A,5,H,7,A,200,42.19,41.775,44593722,SHLF9855871,10,0.16,6,7,10,12,No-Filter,115447,-20,1659,76983,117,2833,73267,-3068,13434,14534,6604,-361,1493,80780,43525,XRF2,1,10/7/2019,17:27:12,LEVAY_B,11/1/2019 22:32,~1mm accessory; with film; XRF 2
382,U1536,A,5,H,7,A,220,42.21,41.795,44593722,SHLF9855871,10,0.16,6,7,10,12,No-Filter,116574,-45,1763,83400,117,2974,71952,-3040,14538,15284,6688,-293,1789,81787,42664,XRF2,1,10/7/2019,17:27:28,LEVAY_B,11/1/2019 22:32,~1mm accessory; with film; XRF 2
382,U1536,A,5,H,7,A,240,42.23,41.815,44593722,SHLF9855871,10,0.16,6,7,10,12,No-Filter,115003,-33,1535,72556,135,3043,75585,-3138,13404,13814,6256,-374,1618,79386,43910,XRF2,1,10/7/2019,17:27:44,LEVAY_B,11/1/2019 22:32,~1mm accessory; with film; XRF 2
382,U1536,A,5,H,7,A,260,42.25,41.835,44593722,SHLF9855871,10,0.16,6,7,10,12,No-Filter,114810,-35,1664,76461,167,3045,74544,-3409,12704,13496,6259,-24,1344,76553,43795,XRF2,1,10/7/2019,17:28:00,LEVAY_B,11/1/2019 22:32,~1mm accessory; with film; XRF 2
382,U1536,A,5,H,7,A,280,42.27,41.855,44593722,SHLF9855871,10,0.16,6,7,10,12,No-Filter,115027,-35,1441,69280,72,2953,76106,-3294,12941,14481,6456,-620,1395,85257,43332,XRF2,1,10/7/2019,17:28:15,LEVAY_B,11/1/2019 22:32,~1mm accessory; with film; XRF 2
382,U1536,A,5,H,7,A,300,42.29,41.875,44593722,SHLF9855871,10,0.16,6,7,10,12,No-Filter,112426,-61,1437,69829,48,2687,73975,-2917,12746,13526,6331,-490,1493,76223,42609,XRF2,1,10/7/2019,17:28:31,LEVAY_B,11/1/2019 22:32,~1mm accessory; with film; XRF 2
382,U1536,A,5,H,7,A,320,42.31,41.895,44593722,SHLF9855871,10,0.16,6,7,10,12,No-Filter,109628,-26,1157,58402,124,2910,79812,-2951,11112,12366,5373,-661,1692,69465,43272,XRF2,1,10/7/2019,17:28:47,LEVAY_B,11/1/2019 22:32,~1mm accessory; with film; XRF 2
382,U1536,A,5,H,7,A,340,42.33,41.915,44593722,SHLF9855871,10,0.16,6,7,10,12,No-Filter,111310,-6,1374,62434,47,2754,78640,-3029,11578,12289,5754,-622,1424,72153,43879,XRF2,1,10/7/2019,17:29:03,LEVAY_B,11/1/2019 22:32,~1mm accessory; with film; XRF 2
382,U1536,A,5,H,7,A,360,42.35,41.935,44593722,SHLF9855871,10,0.16,6,7,10,12,No-Filter,114798,-27,1430,67277,154,3118,79222,-3471,12995,14131,6617,-601,1685,79895,44177,XRF2,1,10/7/2019,17:29:19,LEVAY_B,11/1/2019 22:32,~1mm accessory; with film; XRF 2
382,U1536,A,5,H,7,A,380,42.37,41.955,44593722,SHLF9855871,10,0.16,6,7,10,12,No-Filter,115395,-31,1301,62135,85,3281,82883,-3438,12483,13437,6076,-700,1597,79212,45373,XRF2,1,10/7/2019,17:29:35,LEVAY_B,11/1/2019 22:32,~1mm accessory; with film; XRF 2
382,U1536,A,5,H,7,A,400,42.39,41.975,44593722,SHLF9855871,10,0.16,6,7,10,12,No-Filter,117390,-4,1565,69269,133,3222,79461,-3560,13443,14646,6608,-344,1525,82768,45309,XRF2,1,10/7/2019,17:29:51,LEVAY_B,11/1/2019 22:32,~1mm accessory; with film; XRF 2
382,U1536,A,5,H,7,A,420,42.41,41.995,44593722,SHLF9855871,10,0.16,6,7,10,12,No-Filter,117753,13,1576,65999,159,3265,80747,-3314,14001,15109,7046,-305,1722,85844,44985,XRF2,1,10/7/2019,17:30:06,LEVAY_B,11/1/2019 22:32,~1mm accessory; with film; XRF 2
382,U1536,A,5,H,7,A,440,42.43,42.015,44593722,SHLF9855871,10,0.16,6,7,10,12,No-Filter,118120,-17,1770,73737,124,3275,75770,-3731,14390,14811,7459,-226,2159,89910,43935,XRF2,1,10/7/2019,17:30:22,LEVAY_B,11/1/2019 22:32,~1mm accessory; with film; XRF 2
382,U1536,A,5,H,7,A,460,42.45,42.035,44593722,SHLF9855871,10,0.16,6,7,10,12,No-Filter,115764,-20,1673,70046,87,2924,77501,-3769,13653,14592,6693,-326,1542,81777,43324,XRF2,1,10/7/2019,17:30:38,LEVAY_B,11/1/2019 22:32,~1mm accessory; with film; XRF 2
382,U1536,A,5,H,7,A,480,42.47,42.055,44593722,SHLF9855871,10,0.16,6,7,10,12,No-Filter,112971,-16,1449,62777,44,3081,79849,-3212,11894,12952,5552,-679,1178,75418,44100,XRF2,1,10/7/2019,17:30:54,LEVAY_B,11/1/2019 22:32,~1mm accessory; with film; XRF 2
382,U1536,A,6,H,2,A,20,44.02,43.934,44593732,SHLF9856251,10,0.16,6,7,10,12,No-Filter,123415,-19,2808,91800,201,3207,61537,-3124,21174,19282,9957,123,2160,111698,40682,XRF2,1,10/7/2019,17:44:22,LEVAY_B,11/1/2019 22:32,~1mm accessory; with film; XRF 2
382,U1536,A,6,H,2,A,40,44.04,43.954,44593732,SHLF9856251,10,0.16,6,7,10,12,No-Filter,125636,28,3449,101472,186,2909,57936,-2777,24141,17723,12075,96,2203,118983,39574,XRF2,1,10/7/2019,17:44:38,LEVAY_B,11/1/2019 22:32,~1mm accessory; with film; XRF 2
382,U1536,A,6,H,2,A,60,44.06,43.974,44593732,SHLF9856251,10,0.16,6,7,10,12,No-Filter,124074,15,2978,93523,134,3268,62196,-3148,22052,16637,10744,532,2451,112335,40253,XRF2,1,10/7/2019,17:44:54,LEVAY_B,11/1/2019 22:32,~1mm accessory; with film; XRF 2
